2992 4920
730 371 764 436 48

199 546 353 620 quaedam
374 562 430 620 per
457 537 476 603 ὁ
502 538 560 615 μὲν
584 572 622 580 -·
645 534 664 600 ὁ
687 535 723 599 δέ
750 540 797 596 vel
824 533 855 599 οἱ
882 535 939 613 μὲν
963 569 999 578 -
1026 533 1056 598 οἱ
1079 534 1115 598 δέ
1149 538 1296 597 ceterisve

198 646 319 704 casibus
340 645 393 702 fiat
408 643 542 719 quidem,
559 642 616 700 sed
630 641 759 716 primum
774 658 943 715 pronomen
964 640 1055 709 desit,
1070 641 1108 700 cf.
1123 640 1296 699 Rehdantzi

198 748 262 807 ind.
285 745 446 805 Demosth.
468 764 497 820 p.
516 759 584 818 254.
629 743 679 800 De
701 743 847 817 exemplis
870 742 1043 818 Euripideis
1064 742 1296 818 disputaverunt

200 848 359 906 Elmsleius
383 847 466 906 Med.
491 865 520 921 p.
536 861 575 921 95
599 854 629 903 et
653 843 807 902 Porsonus
828 845 870 901 ad
890 843 942 904 Or.
958 863 984 903 v,
1001 842 1071 920 891.
1095 843 1296 903 Nihilominus

199 967 277 1024 opus
301 958 349 1006 est
374 965 622 1023 unumquemque
646 965 684 1004 ex
708 947 751 1004 eis
782 946 867 1014 lociS,
900 945 951 1002 ubi
972 945 1049 1004 haec
1073 945 1184 1021 ellipsis
1205 946 1294 1003 nobis

200 1052 341 1118 occurrit,
362 1067 418 1125 per
439 1066 472 1106 se
495 1048 727 1123 diligentissime
743 1047 948 1106 considerare.
986 1047 1028 1104 Vt
1043 1047 1204 1106 Elmsleius
1219 1047 1294 1104 miro

198 1153 293 1209 modo
314 1152 433 1218 erravit,
457 1151 530 1206 dum
552 1149 644 1208 Herc.
667 1168 692 1208 v.
713 1146 791 1222 1036
814 1141 913 1225 (apud
933 1148 970 1207 N.
990 1142 1084 1223 1039)
1106 1166 1175 1206 cum
1190 1155 1295 1205 nostro

199 1253 341 1329 exemplo
376 1259 542 1327 comparat.
596 1251 701 1308 Altero
735 1258 838 1307 autem
870 1251 938 1308 loco
972 1246 1013 1323 (v.
1030 1230 1115 1327 636)‚'
1143 1268 1234 1324 quem
1257 1267 1294 1306 ex

199 1354 333 1412 Hercule
367 1355 496 1410 afferunt
525 1354 716 1427 interpretes
746 1370 829 1408 nunc
851 1352 890 1409 ab
913 1351 1073 1409 Wheclero
1095 1352 1204 1426 privati
1226 1358 1297 1408 sunt

200 1452 241 1530 (p.
258 1448 406 1532 66-68).
450 1455 559 1528 Neque
590 1471 663 1510 vero
694 1453 766 1510 mihi
797 1453 924 1510 dubium
957 1461 1015 1521 est,
1049 1453 1121 1527 quin
1143 1471 1181 1509 eo
1204 1470 1295 1527 quem

198 1563 365 1612 tractamus
385 1555 464 1623 loce,
488 1555 633 1630 quoniam
655 1554 686 1610 in
708 1553 798 1610 rebus
821 1553 894 1628 ipsis
924 1553 1005 1610 nulla
1034 1553 1113 1611 inest
1142 1553 1295 1628 oppositio

198 1656 245 1712 vel
276 1655 410 1730 partitio,
444 1655 536 1711 immo
570 1671 677 1711 omnes
709 1654 822 1712 inimici
844 1653 984 1711 Herculis
1015 1653 1165 1728 expressis
1198 1654 1296 1713 verbis

199 1757 508 1833 comprehenduntur,
532 1756 671 1813 falsarius
699 1756 814 1812 abusus
845 1756 885 1812 sit
906 1756 955 1812 illa
977 1756 1203 1813 consuetudine
1226 1774 1296 1812 vere

198 1860 311 1919 Attica.
355 1857 434 1915 Nam
466 1865 595 1930 augetur
628 1864 734 1914 nostra
763 1857 897 1931 suspicio
931 1856 1024 1914 verbo
1057 1856 1235 1932 διαφορῶν,
1264 1858 1295 1914 iu

201 1977 263 2033 quo
286 1960 479 2033 explanando
501 1957 602 2015 adhuc
627 1957 737 2014 frustra
758 1960 947 2015 sudaverunt
969 1959 1159 2032 interpretes
1198 1958 1296 2033 Signi·

201 2060 273 2116 ficat
295 2068 399 2117 autem
421 2058 598 2134 otutpopeiv,
620 2066 653 2114 ut
676 2059 759 2132 apud
771 2057 972 2116 Wecklinium
994 2067 1077 2116 recte
1099 2067 1208 2134 exstat,
1224 2060 1295 2116 nihil

202 2160 285 2216 aliud
307 2159 364 2216 nisi
387 2160 571 2233 discerpere,
605 2160 748 2218 lacerare.
791 2158 862 2217 Hoc
891 2161 986 2217 modo
1020 2159 1186 2216 rectissime
1208 2159 1295 2216 adhi-
1348 2164 1351 2168 ’

200 2260 291 2316 betur
315 2261 355 2316 de
377 2259 505 2317 Bacchis
529 2253 677 2337 (Βακχῶν
700 2257 892 2335 σπαραγμός
915 2280 940 2319 v.
958 2258 1030 2334 735)
1063 2268 1169 2317 contra
1191 2260 1293 2316 iuven·
1338 2294 1344 2305 x

126 2359 128 2364 ’
201 2378 253 2417 cas
277 2369 308 2417 et
330 2378 439 2418 vaccas
463 2361 668 2418 saevientibus
690 2354 815 2438 (Bacch.
839 2380 865 2419 v.
881 2376 942 2437 739
964 2369 997 2418 et
1020 2355 1094 2436 746)
1117 2361 1196 2418 etin
1215 2361 1296 2418 eius·

201 2462 272 2517 dern
295 2460 417 2517 fabulae
440 2479 467 2517 v.
488 2477 566 2517 1210
588 2463 628 2517 de
651 2462 767 2535 Agave,
797 2479 877 2535 quae
897 2461 1044 2535 gloriatur
1067 2461 1108 2517 de
1131 2460 1293 2534 discerptis

199 2560 329 2618 Penthei
351 2562 505 2618 membris:
536 2558 633 2637 χωρίς
661 2580 696 2623 τε
727 2559 826 2638 θηρὸς
853 2557 956 2638 ἄρθρα
979 2558 1230 2638 διεφορήσαμεν,
1253 2561 1292 2621 ct.

198 2661 352 2735 Aristoph.
376 2662 453 2735 Equ.
477 2677 537 2736 294
560 2672 592 2719 et
614 2664 668 2720 Av.
693 2662 762 2735 338.
810 2663 977 2735 Quomodo
1004 2671 1107 2719 autern
1131 2661 1199 2719 talis
1227 2679 1292 2718 cor·

198 2780 305 2836 porum
321 2761 466 2819 laceratio
482 2765 595 2837 sagitta
615 2774 645 2820 et
668 2765 734 2821 telis
751 2764 813 2820 fieri
831 2763 938 2839 possit,
956 2764 1100 2837 equidem
1115 2780 1177 2819 non
1193 2763 1294 2823 video.

198 2862 351 2919 Eiciamus
384 2880 458 2937 ergo
488 2863 570 2920 hunc
590 2865 837 2922 molestissimum
861 2882 981 2921 versum
1003 2883 1042 2920 ex
1064 2863 1205 2921 Herculis
1228 2881 1295 2920 ora-

199 2964 282 3019 tione
305 2971 337 3018 et
358 2964 552 3021 restituamus
575 2966 605 3021 in
628 2985 654 3025 v.
671 2980 730 3040 572

319 3062 442 3138 νεκρῶν
464 3057 491 3123 δ’
516 3058 629 3125 ἅπαντ’
652 3060 798 3141 Ἰσμηνὸν
822 3061 976 3153 ἐμπλήσω
999 3060 1106 3140 φόνου
1121 3061 1155 3140 1).

300 3339 325 3404 Ι)
344 3339 434 3388 Liceat
454 3337 519 3386 mihi
540 3338 665 3387 adnotare
679 3339 792 3387 similem
804 3339 916 3388 inveniri
935 3339 1169 3404 interpolationem
1183 3340 1210 3388 in
1222 3340 1293 3389 Med.

198 3444 220 3476 v.
239 3437 389 3490 304—305‚
417 3441 484 3491 quos
513 3425 564 3472 iam
593 3424 728 3475 Hirzelius
749 3425 786 3491 (p.
798 3425 916 3492 43-44)
946 3427 1086 3479 damnavit.
1124 3430 1184 3476 Hoc
1210 3433 1296 3477 autem

198 3514 259 3563 loco
278 3517 337 3575 τρῖς
356 3512 415 3577 μέν,
434 3514 507 3578 quod
520 3518 603 3562 exstat
623 3513 650 3561 in
667 3530 691 3564 v.
706 3525 765 3576 303,
779 3514 887 3563 falsario
907 3515 971 3563 satis
991 3517 1156 3564 commodam
1175 3516 1296 3580 praebuit
1356 3520 1360 3528 '

198 3601 412 3668 interpolationis
432 3617 528 3650 ansam.
566 3601 618 3649 Sed
638 3608 745 3666 apparet
763 3602 825 3650 huic
844 3607 903 3664 τοῖς
922 3602 972 3667 μέν
991 3604 1018 3651 in
1039 3604 1154 3665 genuino
1174 3619 1295 3652 versuum

199 3689 292 3738 ordine
312 3689 377 3737 nihil
397 3688 470 3737 aliud
491 3689 642 3754 oppositum
666 3689 748 3738 luisse
768 3706 844 3754 quam
864 3691 898 3742 σὺ
924 3689 947 3741 δ’
966 3691 1017 3742 οὖν
1037 3691 1072 3755 (ν.
1087 3691 1158 3756 306).
1179 3692 1296 3740 —Cum

197 3778 277 3826 Herc.
307 3794 329 3828 v.
346 3778 396 3839 636
418 3776 538 3841 ἔχουσιν,
558 3775 585 3828 οἱ
604 3777 628 3828 δ’
648 3777 681 3828 οὔ
702 3775 738 3840 (h.
760 3792 782 3825 e:
808 3777 947 3843 χρήματα)
978 3780 1044 3827 utile
1073 3786 1114 3828 est
1144 3795 1294 3844 comparare

197 3865 279 3913 verba
298 3881 358 3914 vere
377 3865 531 3929 Euripidea,
550 3881 617 3929 quae
645 3881 697 3913 una
725 3881 782 3913 cum
804 3865 862 3914 aliis
889 3867 956 3914 locis
977 3867 1127 3916 histrionali
1147 3867 1188 3916 illi
1207 3869 1294 3932 philo·

199 3951 285 4017 sopho
302 3952 436 4001 materiam
448 3952 633 4016 praebuerunt,
653 3968 711 4001 curn
724 3953 758 4001 de
778 3954 869 4002 eadem
886 3970 913 4002 re
933 3953 1065 4004 dicantur:
1085 3954 1165 4006 Aeol.
1182 3956 1211 4006 fr.
1225 3967 1292 4018 22,3

197 4040 292 4107 κύκλῳ
320 4040 373 4105 γὰρ
402 4041 494 4108 ἕρπει·
514 4045 554 4107 τῷ
576 4041 626 4105 μὲν
650 4041 715 4105 ἔσθ’,
742 4042 757 4093 ὁ
779 4041 802 4092 δ’
821 4042 872 4093 οὐκ
902 4042 970 4106 ἔχει’
999 4046 1116 4093 κοινοῑσι
1145 4041 1169 4094 δ’
1199 4044 1294 4107 αὐτοῖς

197 4126 325 4196 χρώμεθ’.
