<?xml version="1.0" encoding="UTF-8"?>
<!DOCTYPE html PUBLIC "-//W3C//DTD XHTML 1.0 Transitional//EN"
    "http://www.w3.org/TR/xhtml1/DTD/xhtml1-transitional.dtd">
<html xmlns="http://www.w3.org/1999/xhtml" xml:lang="en" lang="en">
 <head>
  <title>
</title>
<meta http-equiv="Content-Type" content="text/html;charset=utf-8" />
  <meta name='ocr-system' content='tesseract 3.04.00' />
  <meta name='ocr-capabilities' content='ocr_page ocr_carea ocr_par ocr_line ocrx_word'/>
</head>
<body>
  <div class='ocr_page' id='page_1' title='image "./animadversiones00holtgoog_0027.png"; bbox 0 0 2992 4920; ppageno 0'>
   <div class='ocr_carea' id='block_1_1' title="bbox 739 338 772 390">
    <p class='ocr_par' dir='ltr' id='par_1_1' title="bbox 739 338 772 390">
     <span class='ocr_line' id='line_1_1' title="bbox 739 338 772 390; baseline 0 0"><span class='ocrx_word' id='word_1_1' title='bbox 739 338 772 390; x_wconf 86' lang='lat'><strong>24</strong></span> 
     </span>
    </p>
   </div>
   <div class='ocr_carea' id='block_1_2' title="bbox 210 487 1318 4308">
    <p class='ocr_par' dir='ltr' id='par_1_2' title="bbox 210 487 1312 1487">
     <span class='ocr_line' id='line_1_2' title="bbox 210 487 1308 579; baseline 0 -19"><span class='ocrx_word' id='word_1_2' title='bbox 210 521 290 579; x_wconf 90' lang='lat' dir='ltr'><strong>quae</strong></span> <span class='ocrx_word' id='word_1_3' title='bbox 311 503 343 560; x_wconf 89' lang='lat' dir='ltr'><strong>in</strong></span> <span class='ocrx_word' id='word_1_4' title='bbox 365 500 544 577; x_wconf 82' lang='lat' dir='ltr'>fragmentis</span> <span class='ocrx_word' id='word_1_5' title='bbox 574 500 784 559; x_wconf 88' lang='lat' dir='ltr'><strong>inveniuntur:</strong></span> <span class='ocrx_word' id='word_1_6' title='bbox 814 501 1004 562; x_wconf 90' lang='lat' dir='ltr'><strong>Andromed.</strong></span> <span class='ocrx_word' id='word_1_7' title='bbox 1031 500 1065 560; x_wconf 89' lang='lat' dir='ltr'><strong>fr.</strong></span> <span class='ocrx_word' id='word_1_8' title='bbox 1092 516 1151 574; x_wconf 81' lang='lat'><strong>130</strong></span> <span class='ocrx_word' id='word_1_9' title='bbox 1174 487 1308 573; x_wconf 52' lang='grc' dir='ltr'>’γένοιτο</span> 
     </span>
     <span class='ocr_line' id='line_1_3' title="bbox 213 593 1310 678; baseline -0.004 -12"><span class='ocrx_word' id='word_1_10' title='bbox 213 602 272 666; x_wconf 87' lang='grc' dir='ltr'><strong>τᾶν</strong></span> <span class='ocrx_word' id='word_1_11' title='bbox 294 599 397 674; x_wconf 77' lang='grc' dir='ltr'>πόλλ’,</span> <span class='ocrx_word' id='word_1_12' title='bbox 418 599 464 664; x_wconf 85' lang='grc' dir='ltr'><strong>ὡν</strong></span> <span class='ocrx_word' id='word_1_13' title='bbox 487 599 619 678; x_wconf 86' lang='grc' dir='ltr'>δόκησις</span> <span class='ocrx_word' id='word_1_14' title='bbox 643 597 702 662; x_wconf 86' lang='grc' dir='ltr'>οὐκ</span> <span class='ocrx_word' id='word_1_15' title='bbox 724 598 779 678; x_wconf 84' lang='grc' dir='ltr'><strong>ἔνι,</strong></span> <span class='ocrx_word' id='word_1_16' title='bbox 803 603 905 678; x_wconf 87' lang='lat' dir='ltr'><strong>Antig.</strong></span> <span class='ocrx_word' id='word_1_17' title='bbox 928 602 961 662; x_wconf 86' lang='lat' dir='ltr'><strong>fr.</strong></span> <span class='ocrx_word' id='word_1_18' title='bbox 979 593 1077 678; x_wconf 65' lang='grc' dir='ltr'><strong>ιόγὴ</strong></span> <span class='ocrx_word' id='word_1_19' title='bbox 1100 599 1162 678; x_wconf 85' lang='grc' dir='ltr'><strong>γὰρ</strong></span> <span class='ocrx_word' id='word_1_20' title='bbox 1178 598 1310 677; x_wconf 83' lang='grc' dir='ltr'>δόκησις</span> 
     </span>
     <span class='ocr_line' id='line_1_4' title="bbox 212 700 1311 782; baseline -0.005 -16"><span class='ocrx_word' id='word_1_21' title='bbox 212 702 353 782; x_wconf 86' lang='grc' dir='ltr'>πατράσι</span> <span class='ocrx_word' id='word_1_22' title='bbox 374 705 492 780; x_wconf 85' lang='grc' dir='ltr'>παῖδας</span> <span class='ocrx_word' id='word_1_23' title='bbox 515 700 632 765; x_wconf 83' lang='grc' dir='ltr'>εἰκέναι</span> <span class='ocrx_word' id='word_1_24' title='bbox 653 701 854 778; x_wconf 86' lang='lat' dir='ltr'><strong>(quamquam</strong></span> <span class='ocrx_word' id='word_1_25' title='bbox 869 703 928 761; x_wconf 92' lang='lat' dir='ltr'><strong>hoc</strong></span> <span class='ocrx_word' id='word_1_26' title='bbox 950 703 1019 761; x_wconf 89' lang='lat' dir='ltr'><strong>loco</strong></span> <span class='ocrx_word' id='word_1_27' title='bbox 1041 712 1217 779; x_wconf 88' lang='lat' dir='ltr'><strong>corruptum</strong></span> <span class='ocrx_word' id='word_1_28' title='bbox 1241 721 1311 761; x_wconf 88' lang='lat' dir='ltr'><strong>esse</strong></span> 
     </span>
     <span class='ocr_line' id='line_1_5' title="bbox 213 800 1309 881; baseline -0.005 -12"><span class='ocrx_word' id='word_1_29' title='bbox 213 804 346 881; x_wconf 82' lang='grc' dir='ltr'>δόκησις</span> <span class='ocrx_word' id='word_1_30' title='bbox 368 814 456 881; x_wconf 87' lang='lat' dir='ltr'><strong>putat</strong></span> <span class='ocrx_word' id='word_1_31' title='bbox 478 802 541 880; x_wconf 82' lang='lat' dir='ltr'><strong>N.),</strong></span> <span class='ocrx_word' id='word_1_32' title='bbox 564 805 643 880; x_wconf 86' lang='lat' dir='ltr'><strong>Aug.</strong></span> <span class='ocrx_word' id='word_1_33' title='bbox 668 805 701 862; x_wconf 88' lang='lat' dir='ltr'><strong>fr.</strong></span> <span class='ocrx_word' id='word_1_34' title='bbox 719 820 777 879; x_wconf 77' lang='lat'><strong>279</strong></span> <span class='ocrx_word' id='word_1_35' title='bbox 800 801 819 877; x_wconf 85' lang='grc' dir='ltr'><strong>ἡ</strong></span> <span class='ocrx_word' id='word_1_36' title='bbox 846 801 978 878; x_wconf 87' lang='grc' dir='ltr'>δόκησις</span> <span class='ocrx_word' id='word_1_37' title='bbox 1001 800 1185 880; x_wconf 86' lang='grc' dir='ltr'>ἀνθρώποις</span> <span class='ocrx_word' id='word_1_38' title='bbox 1201 801 1309 865; x_wconf 91' lang='grc' dir='ltr'>κακόν.</span> 
     </span>
     <span class='ocr_line' id='line_1_6' title="bbox 214 901 1310 978; baseline -0.003 -14"><span class='ocrx_word' id='word_1_39' title='bbox 214 907 378 964; x_wconf 87' lang='lat' dir='ltr'><strong>Praeterea</strong></span> <span class='ocrx_word' id='word_1_40' title='bbox 399 924 464 962; x_wconf 91' lang='lat' dir='ltr'><strong>non</strong></span> <span class='ocrx_word' id='word_1_41' title='bbox 485 905 629 962; x_wconf 88' lang='lat' dir='ltr'><strong>abhorret</strong></span> <span class='ocrx_word' id='word_1_42' title='bbox 649 901 783 978; x_wconf 87' lang='grc' dir='ltr'>δόκησις</span> <span class='ocrx_word' id='word_1_43' title='bbox 812 905 850 962; x_wconf 89' lang='lat' dir='ltr'><strong>ab</strong></span> <span class='ocrx_word' id='word_1_44' title='bbox 873 922 930 962; x_wconf 92' lang='lat' dir='ltr'><strong>usu</strong></span> <span class='ocrx_word' id='word_1_45' title='bbox 953 904 1121 978; x_wconf 89' lang='lat' dir='ltr'><strong>Euripideo</strong></span> <span class='ocrx_word' id='word_1_46' title='bbox 1143 906 1174 962; x_wconf 93' lang='lat' dir='ltr'><strong>in</strong></span> <span class='ocrx_word' id='word_1_47' title='bbox 1196 905 1310 961; x_wconf 87' lang='lat' dir='ltr'><strong>Ixionis</strong></span> 
     </span>
     <span class='ocr_line' id='line_1_7' title="bbox 214 1001 1311 1083; baseline -0.003 -17"><span class='ocrx_word' id='word_1_48' title='bbox 214 1010 396 1083; x_wconf 63' lang='lat' dir='ltr'><strong>fragmento</strong></span> <span class='ocrx_word' id='word_1_49' title='bbox 425 1007 510 1082; x_wconf 92' lang='lat' dir='ltr'><strong>quod</strong></span> <span class='ocrx_word' id='word_1_50' title='bbox 532 1006 569 1065; x_wconf 93' lang='lat' dir='ltr'><strong>N.</strong></span> <span class='ocrx_word' id='word_1_51' title='bbox 600 1007 679 1063; x_wconf 90' lang='lat' dir='ltr'><strong>inter</strong></span> <span class='ocrx_word' id='word_1_52' title='bbox 705 1001 872 1066; x_wconf 85' lang='grc' dir='ltr'>ἀδέσποτα</span> <span class='ocrx_word' id='word_1_53' title='bbox 899 1015 1058 1063; x_wconf 85' lang='lat' dir='ltr'><strong>enumerat</strong></span> <span class='ocrx_word' id='word_1_54' title='bbox 1082 1025 1111 1081; x_wconf 90' lang='lat' dir='ltr'><strong>p.</strong></span> <span class='ocrx_word' id='word_1_55' title='bbox 1134 1006 1205 1078; x_wconf 81' lang='lat'>651,</span> <span class='ocrx_word' id='word_1_56' title='bbox 1238 1007 1311 1063; x_wconf 91' lang='lat' dir='ltr'><strong>mihi</strong></span> 
     </span>
     <span class='ocr_line' id='line_1_8' title="bbox 215 1103 1312 1182; baseline -0.003 -16"><span class='ocrx_word' id='word_1_57' title='bbox 215 1118 320 1167; x_wconf 91' lang='lat' dir='ltr'><strong>autem</strong></span> <span class='ocrx_word' id='word_1_58' title='bbox 343 1126 412 1165; x_wconf 90' lang='lat' dir='ltr'><strong>cum</strong></span> <span class='ocrx_word' id='word_1_59' title='bbox 433 1105 592 1164; x_wconf 89' lang='lat' dir='ltr'><strong>Welckero</strong></span> <span class='ocrx_word' id='word_1_60' title='bbox 616 1106 682 1182; x_wconf 71' lang='lat' dir='ltr'><strong>(Gr.</strong></span> <span class='ocrx_word' id='word_1_61' title='bbox 695 1107 786 1180; x_wconf 87' lang='lat' dir='ltr'><strong>Trag.</strong></span> <span class='ocrx_word' id='word_1_62' title='bbox 798 1106 826 1162; x_wconf 88' lang='lat'><strong>11</strong></span> <span class='ocrx_word' id='word_1_63' title='bbox 840 1125 870 1181; x_wconf 90' lang='lat' dir='ltr'><strong>p.</strong></span> <span class='ocrx_word' id='word_1_64' title='bbox 885 1103 958 1181; x_wconf 85' lang='lat'>750)</span> <span class='ocrx_word' id='word_1_65' title='bbox 982 1115 1014 1163; x_wconf 91' lang='lat' dir='ltr'><strong>et</strong></span> <span class='ocrx_word' id='word_1_66' title='bbox 1036 1125 1104 1164; x_wconf 93' lang='lat' dir='ltr'><strong>cum</strong></span> <span class='ocrx_word' id='word_1_67' title='bbox 1119 1108 1206 1164; x_wconf 85' lang='lat' dir='ltr'><strong>Fixio</strong></span> <span class='ocrx_word' id='word_1_68' title='bbox 1222 1107 1312 1163; x_wconf 87' lang='lat' dir='ltr'><strong>valde</strong></span> 
     </span>
     <span class='ocr_line' id='line_1_9' title="bbox 215 1206 1311 1285; baseline 0.002 -18"><span class='ocrx_word' id='word_1_69' title='bbox 215 1227 324 1285; x_wconf 87' lang='lat' dir='ltr'><strong>sapere</strong></span> <span class='ocrx_word' id='word_1_70' title='bbox 347 1209 467 1266; x_wconf 90' lang='lat' dir='ltr'><strong>videtur</strong></span> <span class='ocrx_word' id='word_1_71' title='bbox 489 1207 644 1281; x_wconf 82' lang='lat' dir='ltr'>ingenium</span> <span class='ocrx_word' id='word_1_72' title='bbox 666 1208 813 1282; x_wconf 90' lang='lat' dir='ltr'><strong>sapientis</strong></span> <span class='ocrx_word' id='word_1_73' title='bbox 835 1207 931 1264; x_wconf 89' lang='lat' dir='ltr'><strong>nostri</strong></span> <span class='ocrx_word' id='word_1_74' title='bbox 954 1215 1080 1282; x_wconf 87' lang='lat' dir='ltr'><strong>poetae:</strong></span> <span class='ocrx_word' id='word_1_75' title='bbox 1104 1207 1161 1267; x_wconf 83' lang='grc' dir='ltr'><strong>τοῦ</strong></span> <span class='ocrx_word' id='word_1_76' title='bbox 1186 1206 1243 1282; x_wconf 79' lang='grc' dir='ltr'><strong>μὲν</strong></span> <span class='ocrx_word' id='word_1_77' title='bbox 1267 1209 1311 1268; x_wconf 89' lang='grc' dir='ltr'><strong>δι-</strong></span> 
     </span>
     <span class='ocr_line' id='line_1_10' title="bbox 214 1303 1311 1388; baseline -0.002 -17"><span class='ocrx_word' id='word_1_78' title='bbox 214 1308 305 1388; x_wconf 84' lang='grc' dir='ltr'>καίου</span> <span class='ocrx_word' id='word_1_79' title='bbox 328 1307 386 1383; x_wconf 87' lang='grc' dir='ltr'><strong>τὴν</strong></span> <span class='ocrx_word' id='word_1_80' title='bbox 409 1306 543 1383; x_wconf 87' lang='grc' dir='ltr'>δόκησιν</span> <span class='ocrx_word' id='word_1_81' title='bbox 566 1304 699 1384; x_wconf 87' lang='grc' dir='ltr'>ἄρνυσο,</span> <span class='ocrx_word' id='word_1_82' title='bbox 722 1305 762 1368; x_wconf 90' lang='grc' dir='ltr'><strong>τὰ</strong></span> <span class='ocrx_word' id='word_1_83' title='bbox 785 1310 812 1369; x_wconf 84' lang='grc' dir='ltr'><strong>δ’</strong></span> <span class='ocrx_word' id='word_1_84' title='bbox 829 1303 907 1383; x_wconf 82' lang='grc' dir='ltr'>ἔργα</span> <span class='ocrx_word' id='word_1_85' title='bbox 922 1308 980 1369; x_wconf 81' lang='grc' dir='ltr'><strong>τοῦ</strong></span> <span class='ocrx_word' id='word_1_86' title='bbox 1003 1307 1067 1368; x_wconf 85' lang='grc' dir='ltr'><strong>πᾶν</strong></span> <span class='ocrx_word' id='word_1_87' title='bbox 1083 1308 1238 1383; x_wconf 85' lang='grc' dir='ltr'>δρῶντος,</span> <span class='ocrx_word' id='word_1_88' title='bbox 1262 1304 1311 1370; x_wconf 82' lang='grc' dir='ltr'><strong>ἔν-</strong></span> 
     </span>
     <span class='ocr_line' id='line_1_11' title="bbox 214 1410 1307 1487; baseline 0 -15"><span class='ocrx_word' id='word_1_89' title='bbox 214 1415 255 1473; x_wconf 82' lang='grc' dir='ltr'><strong>θα</strong></span> <span class='ocrx_word' id='word_1_90' title='bbox 278 1410 453 1487; x_wconf 80' lang='grc' dir='ltr'>κερδανεῖς.</span> <span class='ocrx_word' id='word_1_91' title='bbox 1305 1436 1307 1439; x_wconf 95' lang='grc'><strong><em>·</em></strong></span> 
     </span>
    </p>

    <p class='ocr_par' dir='ltr' id='par_1_3' title="bbox 214 1509 1317 4209">
     <span class='ocr_line' id='line_1_12' title="bbox 315 1509 1311 1580; baseline -0.001 -11"><span class='ocrx_word' id='word_1_92' title='bbox 315 1512 378 1570; x_wconf 86' lang='lat' dir='ltr'><strong>Sed</strong></span> <span class='ocrx_word' id='word_1_93' title='bbox 400 1521 434 1570; x_wconf 90' lang='lat' dir='ltr'><strong>ut</strong></span> <span class='ocrx_word' id='word_1_94' title='bbox 458 1513 499 1568; x_wconf 93' lang='lat' dir='ltr'><strong>ad</strong></span> <span class='ocrx_word' id='word_1_95' title='bbox 518 1512 685 1569; x_wconf 88' lang='lat' dir='ltr'><strong>Herculem</strong></span> <span class='ocrx_word' id='word_1_96' title='bbox 706 1511 879 1580; x_wconf 66' lang='lat' dir='ltr'><strong>redeamus</strong></span> <span class='ocrx_word' id='word_1_97' title='bbox 902 1511 1031 1567; x_wconf 89' lang='lat' dir='ltr'><strong>vidimus</strong></span> <span class='ocrx_word' id='word_1_98' title='bbox 1046 1509 1126 1568; x_wconf 89' lang='lat' dir='ltr'><strong>inter</strong></span> <span class='ocrx_word' id='word_1_99' title='bbox 1145 1511 1311 1568; x_wconf 89' lang='lat' dir='ltr'><strong>duodecim</strong></span> 
     </span>
     <span class='ocr_line' id='line_1_13' title="bbox 215 1598 1312 1689; baseline -0.003 -17"><span class='ocrx_word' id='word_1_100' title='bbox 215 1617 300 1673; x_wconf 88' lang='lat' dir='ltr'><strong>locos</strong></span> <span class='ocrx_word' id='word_1_101' title='bbox 322 1614 516 1689; x_wconf 74' lang='lat' dir='ltr'><strong>Euripidem,</strong></span> <span class='ocrx_word' id='word_1_102' title='bbox 544 1613 597 1670; x_wconf 93' lang='lat' dir='ltr'><strong>ubi</strong></span> <span class='ocrx_word' id='word_1_103' title='bbox 619 1608 752 1687; x_wconf 91' lang='grc' dir='ltr'>δόκησις</span> <span class='ocrx_word' id='word_1_104' title='bbox 773 1598 945 1688; x_wconf 82' lang='lat' dir='ltr'><strong>adhibetur,</strong></span> <span class='ocrx_word' id='word_1_105' title='bbox 979 1618 1124 1685; x_wconf 89' lang='lat' dir='ltr'><strong>quattuor</strong></span> <span class='ocrx_word' id='word_1_106' title='bbox 1156 1629 1226 1670; x_wconf 89' lang='lat' dir='ltr'><strong>esse</strong></span> <span class='ocrx_word' id='word_1_107' title='bbox 1259 1620 1312 1669; x_wconf 91' lang='lat' dir='ltr'><strong>aut</strong></span> 
     </span>
     <span class='ocr_line' id='line_1_14' title="bbox 214 1711 1311 1791; baseline -0.005 -17"><span class='ocrx_word' id='word_1_108' title='bbox 214 1716 333 1791; x_wconf 88' lang='lat' dir='ltr'><strong>spurios</strong></span> <span class='ocrx_word' id='word_1_109' title='bbox 355 1724 408 1773; x_wconf 89' lang='lat' dir='ltr'><strong>aut</strong></span> <span class='ocrx_word' id='word_1_110' title='bbox 431 1722 599 1790; x_wconf 80' lang='lat' dir='ltr'><strong>corruptos,</strong></span> <span class='ocrx_word' id='word_1_111' title='bbox 643 1711 763 1785; x_wconf 90' lang='lat' dir='ltr'><strong>Quibus</strong></span> <span class='ocrx_word' id='word_1_112' title='bbox 786 1713 1035 1769; x_wconf 87' lang='lat' dir='ltr'><strong>adnumerandus</strong></span> <span class='ocrx_word' id='word_1_113' title='bbox 1058 1721 1106 1770; x_wconf 87' lang='lat' dir='ltr'><strong>est</strong></span> <span class='ocrx_word' id='word_1_114' title='bbox 1128 1713 1193 1769; x_wconf 89' lang='lat' dir='ltr'><strong>sine</strong></span> <span class='ocrx_word' id='word_1_115' title='bbox 1216 1712 1311 1769; x_wconf 91' lang='lat' dir='ltr'><strong>dubio</strong></span> 
     </span>
     <span class='ocr_line' id='line_1_15' title="bbox 214 1809 1311 1890; baseline 0.002 -18"><span class='ocrx_word' id='word_1_116' title='bbox 214 1825 321 1873; x_wconf 87' lang='lat' dir='ltr'><strong>noster</strong></span> <span class='ocrx_word' id='word_1_117' title='bbox 350 1833 455 1873; x_wconf 86' lang='lat' dir='ltr'><strong>versus</strong></span> <span class='ocrx_word' id='word_1_118' title='bbox 480 1814 540 1872; x_wconf 86' lang='lat'><strong>288</strong></span> <span class='ocrx_word' id='word_1_119' title='bbox 567 1813 607 1875; x_wconf 82' lang='grc' dir='ltr'><strong>σὲ</strong></span> <span class='ocrx_word' id='word_1_120' title='bbox 641 1813 698 1889; x_wconf 83' lang='grc' dir='ltr'><strong>μὲν</strong></span> <span class='ocrx_word' id='word_1_121' title='bbox 731 1810 865 1889; x_wconf 90' lang='grc' dir='ltr'>δόκησις</span> <span class='ocrx_word' id='word_1_122' title='bbox 898 1809 1014 1890; x_wconf 86' lang='grc' dir='ltr'>ἔλαβεν</span> <span class='ocrx_word' id='word_1_123' title='bbox 1037 1809 1170 1888; x_wconf 86' lang='grc' dir='ltr'>εὐκλεὴς</span> <span class='ocrx_word' id='word_1_124' title='bbox 1203 1811 1311 1890; x_wconf 88' lang='grc' dir='ltr'>δορός,</span> 
     </span>
     <span class='ocr_line' id='line_1_16' title="bbox 215 1914 1312 1992; baseline -0.002 -18"><span class='ocrx_word' id='word_1_125' title='bbox 215 1934 307 1992; x_wconf 90' lang='lat' dir='ltr'><strong>quem</strong></span> <span class='ocrx_word' id='word_1_126' title='bbox 317 1918 412 1974; x_wconf 91' lang='lat' dir='ltr'><strong>modo</strong></span> <span class='ocrx_word' id='word_1_127' title='bbox 433 1916 548 1974; x_wconf 91' lang='lat' dir='ltr'><strong>contuli</strong></span> <span class='ocrx_word' id='word_1_128' title='bbox 571 1933 640 1972; x_wconf 90' lang='lat' dir='ltr'><strong>cum</strong></span> <span class='ocrx_word' id='word_1_129' title='bbox 661 1915 727 1972; x_wconf 92' lang='lat' dir='ltr'><strong>lon.</strong></span> <span class='ocrx_word' id='word_1_130' title='bbox 750 1934 776 1974; x_wconf 93' lang='lat' dir='ltr'><strong>v.</strong></span> <span class='ocrx_word' id='word_1_131' title='bbox 797 1914 885 1974; x_wconf 80' lang='lat'><strong>1602.</strong></span> <span class='ocrx_word' id='word_1_132' title='bbox 915 1915 971 1972; x_wconf 91' lang='lat' dir='ltr'><strong>Est</strong></span> <span class='ocrx_word' id='word_1_133' title='bbox 993 1924 1098 1974; x_wconf 89' lang='lat' dir='ltr'><strong>autem</strong></span> <span class='ocrx_word' id='word_1_134' title='bbox 1119 1917 1187 1974; x_wconf 88' lang='lat' dir='ltr'><strong>luce</strong></span> <span class='ocrx_word' id='word_1_135' title='bbox 1203 1916 1312 1974; x_wconf 89' lang='lat' dir='ltr'><strong>clarius</strong></span> 
     </span>
     <span class='ocr_line' id='line_1_17' title="bbox 215 2016 1314 2092; baseline -0.001 -18"><span class='ocrx_word' id='word_1_136' title='bbox 215 2036 255 2074; x_wconf 89' lang='lat' dir='ltr'><strong>ea</strong></span> <span class='ocrx_word' id='word_1_137' title='bbox 279 2034 359 2092; x_wconf 88' lang='lat' dir='ltr'><strong>quae</strong></span> <span class='ocrx_word' id='word_1_138' title='bbox 382 2017 494 2074; x_wconf 88' lang='lat' dir='ltr'><strong>tradita</strong></span> <span class='ocrx_word' id='word_1_139' title='bbox 527 2025 597 2072; x_wconf 91' lang='lat' dir='ltr'><strong>sunt</strong></span> <span class='ocrx_word' id='word_1_140' title='bbox 627 2017 720 2072; x_wconf 91' lang='lat' dir='ltr'><strong>verba</strong></span> <span class='ocrx_word' id='word_1_141' title='bbox 740 2017 837 2090; x_wconf 87' lang='lat' dir='ltr'><strong>magis</strong></span> <span class='ocrx_word' id='word_1_142' title='bbox 871 2016 911 2072; x_wconf 90' lang='lat' dir='ltr'><strong>de</strong></span> <span class='ocrx_word' id='word_1_143' title='bbox 939 2016 1047 2073; x_wconf 89' lang='lat' dir='ltr'><strong>insano</strong></span> <span class='ocrx_word' id='word_1_144' title='bbox 1072 2018 1208 2092; x_wconf 89' lang='lat' dir='ltr'><strong>quodam</strong></span> <span class='ocrx_word' id='word_1_145' title='bbox 1229 2035 1314 2085; x_wconf 88' lang='lat' dir='ltr'><strong>sene,</strong></span> 
     </span>
     <span class='ocr_line' id='line_1_18' title="bbox 214 2114 1313 2193; baseline 0.002 -19"><span class='ocrx_word' id='word_1_146' title='bbox 214 2125 249 2174; x_wconf 91' lang='lat' dir='ltr'><strong>ut</strong></span> <span class='ocrx_word' id='word_1_147' title='bbox 277 2118 318 2174; x_wconf 90' lang='lat' dir='ltr'><strong>de</strong></span> <span class='ocrx_word' id='word_1_148' title='bbox 353 2117 526 2174; x_wconf 84' lang='lat' dir='ltr'><strong>temeritate</strong></span> <span class='ocrx_word' id='word_1_149' title='bbox 549 2116 624 2173; x_wconf 88' lang='lat' dir='ltr'><strong>Iolai</strong></span> <span class='ocrx_word' id='word_1_150' title='bbox 657 2114 708 2188; x_wconf 82' lang='lat' dir='ltr'><strong>(ef.</strong></span> <span class='ocrx_word' id='word_1_151' title='bbox 731 2117 852 2175; x_wconf 88' lang='lat' dir='ltr'><strong>Heracl.</strong></span> <span class='ocrx_word' id='word_1_152' title='bbox 875 2137 902 2176; x_wconf 90' lang='lat' dir='ltr'><strong>v.</strong></span> <span class='ocrx_word' id='word_1_153' title='bbox 928 2132 989 2191; x_wconf 83' lang='lat'><strong>740</strong></span> <span class='ocrx_word' id='word_1_154' title='bbox 1018 2114 1086 2193; x_wconf 90' lang='lat' dir='ltr'><strong>sq.),</strong></span> <span class='ocrx_word' id='word_1_155' title='bbox 1117 2119 1178 2175; x_wconf 91' lang='lat' dir='ltr'><strong>dici</strong></span> <span class='ocrx_word' id='word_1_156' title='bbox 1210 2136 1313 2192; x_wconf 91' lang='lat' dir='ltr'><strong>posse,</strong></span> 
     </span>
     <span class='ocr_line' id='line_1_19' title="bbox 215 2218 1314 2293; baseline 0.002 -19"><span class='ocrx_word' id='word_1_157' title='bbox 215 2235 310 2292; x_wconf 88' lang='lat' dir='ltr'><strong>quam</strong></span> <span class='ocrx_word' id='word_1_158' title='bbox 334 2219 375 2274; x_wconf 90' lang='lat' dir='ltr'><strong>de</strong></span> <span class='ocrx_word' id='word_1_159' title='bbox 399 2218 701 2274; x_wconf 85' lang='lat' dir='ltr'><strong>cautacunctatione</strong></span> <span class='ocrx_word' id='word_1_160' title='bbox 717 2218 812 2275; x_wconf 90' lang='lat' dir='ltr'><strong>nostri</strong></span> <span class='ocrx_word' id='word_1_161' title='bbox 827 2218 1066 2293; x_wconf 89' lang='lat' dir='ltr'><strong>Amphitruonis.</strong></span> <span class='ocrx_word' id='word_1_162' title='bbox 1111 2220 1203 2275; x_wconf 89' lang='lat' dir='ltr'><strong>Adde</strong></span> <span class='ocrx_word' id='word_1_163' title='bbox 1219 2220 1314 2293; x_wconf 88' lang='lat' dir='ltr'><strong>quod,</strong></span> 
     </span>
     <span class='ocr_line' id='line_1_20' title="bbox 215 2312 1313 2393; baseline 0.002 -20"><span class='ocrx_word' id='word_1_164' title='bbox 215 2317 335 2374; x_wconf 90' lang='lat' dir='ltr'><strong>etiamsi</strong></span> <span class='ocrx_word' id='word_1_165' title='bbox 362 2312 495 2390; x_wconf 90' lang='grc' dir='ltr'>δόκησις</span> <span class='ocrx_word' id='word_1_166' title='bbox 522 2317 605 2372; x_wconf 90' lang='lat' dir='ltr'><strong>idem</strong></span> <span class='ocrx_word' id='word_1_167' title='bbox 632 2325 716 2373; x_wconf 89' lang='lat' dir='ltr'><strong>esset</strong></span> <span class='ocrx_word' id='word_1_168' title='bbox 745 2318 830 2391; x_wconf 91' lang='lat' dir='ltr'><strong>quod</strong></span> <span class='ocrx_word' id='word_1_169' title='bbox 851 2317 948 2391; x_wconf 88' lang='lat' dir='ltr'><strong>gloria</strong></span> <span class='ocrx_word' id='word_1_170' title='bbox 970 2313 1086 2393; x_wconf 85' lang='grc' dir='ltr'>(δόξα),</span> <span class='ocrx_word' id='word_1_171' title='bbox 1113 2319 1218 2392; x_wconf 88' lang='lat' dir='ltr'><strong>utique</strong></span> <span class='ocrx_word' id='word_1_172' title='bbox 1241 2320 1313 2377; x_wconf 88' lang='lat' dir='ltr'><strong>scri-</strong></span> 
     </span>
     <span class='ocr_line' id='line_1_21' title="bbox 217 2413 1312 2494; baseline 0.004 -21"><span class='ocrx_word' id='word_1_173' title='bbox 217 2416 355 2475; x_wconf 90' lang='lat' dir='ltr'><strong>bendum</strong></span> <span class='ocrx_word' id='word_1_174' title='bbox 376 2426 458 2475; x_wconf 90' lang='lat' dir='ltr'><strong>erat:</strong></span> <span class='ocrx_word' id='word_1_175' title='bbox 482 2414 523 2476; x_wconf 86' lang='grc' dir='ltr'><strong>σὺ</strong></span> <span class='ocrx_word' id='word_1_176' title='bbox 547 2415 604 2493; x_wconf 81' lang='grc' dir='ltr'><strong>μὲν</strong></span> <span class='ocrx_word' id='word_1_177' title='bbox 628 2413 761 2490; x_wconf 84' lang='grc' dir='ltr'>δόκησιν</span> <span class='ocrx_word' id='word_1_178' title='bbox 776 2413 891 2493; x_wconf 82' lang='grc' dir='ltr'>ἔλαβες</span> <span class='ocrx_word' id='word_1_179' title='bbox 915 2413 1030 2478; x_wconf 85' lang='grc' dir='ltr'>εὐκλεᾶ</span> <span class='ocrx_word' id='word_1_180' title='bbox 1042 2415 1149 2494; x_wconf 90' lang='grc' dir='ltr'>δορός.</span> <span class='ocrx_word' id='word_1_181' title='bbox 1171 2419 1234 2476; x_wconf 91' lang='lat' dir='ltr'><strong>Sed</strong></span> <span class='ocrx_word' id='word_1_182' title='bbox 1249 2421 1312 2477; x_wconf 91' lang='lat' dir='ltr'><strong>duo</strong></span> 
     </span>
     <span class='ocr_line' id='line_1_22' title="bbox 219 2499 1315 2578; baseline 0.003 -4"><span class='ocrx_word' id='word_1_183' title='bbox 219 2517 291 2575; x_wconf 85' lang='lat' dir='ltr'><strong>fecit</strong></span> <span class='ocrx_word' id='word_1_184' title='bbox 323 2517 395 2574; x_wconf 90' lang='lat' dir='ltr'><strong>vitia</strong></span> <span class='ocrx_word' id='word_1_185' title='bbox 417 2526 526 2575; x_wconf 90' lang='lat' dir='ltr'><strong>auctor</strong></span> <span class='ocrx_word' id='word_1_186' title='bbox 557 2518 646 2575; x_wconf 89' lang='lat' dir='ltr'><strong>huius</strong></span> <span class='ocrx_word' id='word_1_187' title='bbox 681 2499 795 2578; x_wconf 88' lang='lat' dir='ltr'><strong>versus.</strong></span> <span class='ocrx_word' id='word_1_188' title='bbox 841 2517 974 2575; x_wconf 92' lang='lat' dir='ltr'><strong>Primum</strong></span> <span class='ocrx_word' id='word_1_189' title='bbox 1006 2520 1089 2576; x_wconf 91' lang='lat' dir='ltr'><strong>enim</strong></span> <span class='ocrx_word' id='word_1_190' title='bbox 1122 2538 1161 2576; x_wconf 83' lang='lat' dir='ltr'><strong>ex</strong></span> <span class='ocrx_word' id='word_1_191' title='bbox 1188 2528 1315 2577; x_wconf 92' lang='lat' dir='ltr'><strong>senten·</strong></span> 
     </span>
     <span class='ocr_line' id='line_1_23' title="bbox 216 2617 1315 2696; baseline 0 -18"><span class='ocrx_word' id='word_1_192' title='bbox 216 2619 325 2678; x_wconf 89' lang='lat' dir='ltr'><strong>tiamm</strong></span> <span class='ocrx_word' id='word_1_193' title='bbox 346 2637 427 2675; x_wconf 85' lang='lat' dir='ltr'><strong>nexu</strong></span> <span class='ocrx_word' id='word_1_194' title='bbox 460 2628 587 2694; x_wconf 88' lang='lat' dir='ltr'><strong>apparet</strong></span> <span class='ocrx_word' id='word_1_195' title='bbox 619 2619 702 2675; x_wconf 88' lang='lat' dir='ltr'><strong>illum</strong></span> <span class='ocrx_word' id='word_1_196' title='bbox 734 2618 888 2676; x_wconf 87' lang='lat' dir='ltr'><strong>hominem</strong></span> <span class='ocrx_word' id='word_1_197' title='bbox 922 2620 1071 2678; x_wconf 83' lang='lat' dir='ltr'><strong>vocabulo</strong></span> <span class='ocrx_word' id='word_1_198' title='bbox 1109 2617 1251 2696; x_wconf 90' lang='grc' dir='ltr'>δόκησις,</span> <span class='ocrx_word' id='word_1_199' title='bbox 1284 2623 1315 2679; x_wconf 90' lang='lat' dir='ltr'><strong>in</strong></span> 
     </span>
     <span class='ocr_line' id='line_1_24' title="bbox 219 2719 1314 2797; baseline 0.004 -21"><span class='ocrx_word' id='word_1_200' title='bbox 219 2737 280 2795; x_wconf 92' lang='lat' dir='ltr'><strong>quo</strong></span> <span class='ocrx_word' id='word_1_201' title='bbox 297 2719 550 2794; x_wconf 81' lang='lat' dir='ltr'><strong>significationem</strong></span> <span class='ocrx_word' id='word_1_202' title='bbox 566 2721 679 2795; x_wconf 90' lang='lat' dir='ltr'><strong>speciei</strong></span> <span class='ocrx_word' id='word_1_203' title='bbox 703 2729 734 2776; x_wconf 91' lang='lat' dir='ltr'><strong>et</strong></span> <span class='ocrx_word' id='word_1_204' title='bbox 757 2721 919 2794; x_wconf 89' lang='lat' dir='ltr'><strong>opinionis,</strong></span> <span class='ocrx_word' id='word_1_205' title='bbox 943 2739 1024 2796; x_wconf 87' lang='lat' dir='ltr'><strong>quae</strong></span> <span class='ocrx_word' id='word_1_206' title='bbox 1045 2724 1199 2797; x_wconf 88' lang='lat' dir='ltr'><strong>expressis</strong></span> <span class='ocrx_word' id='word_1_207' title='bbox 1215 2723 1314 2780; x_wconf 91' lang='lat' dir='ltr'><strong>verbis</strong></span> 
     </span>
     <span class='ocr_line' id='line_1_25' title="bbox 218 2820 1314 2898; baseline 0.002 -19"><span class='ocrx_word' id='word_1_208' title='bbox 218 2831 271 2879; x_wconf 90' lang='lat' dir='ltr'><strong>aut</strong></span> <span class='ocrx_word' id='word_1_209' title='bbox 291 2820 383 2878; x_wconf 88' lang='lat' dir='ltr'><strong>tacite</strong></span> <span class='ocrx_word' id='word_1_210' title='bbox 406 2837 496 2877; x_wconf 89' lang='lat' dir='ltr'><strong>verae</strong></span> <span class='ocrx_word' id='word_1_211' title='bbox 518 2838 617 2878; x_wconf 88' lang='lat' dir='ltr'><strong>rerum</strong></span> <span class='ocrx_word' id='word_1_212' title='bbox 639 2828 768 2877; x_wconf 89' lang='lat' dir='ltr'><strong>naturae</strong></span> <span class='ocrx_word' id='word_1_213' title='bbox 782 2822 955 2896; x_wconf 87' lang='lat' dir='ltr'><strong>opponitur,</strong></span> <span class='ocrx_word' id='word_1_214' title='bbox 978 2823 1152 2896; x_wconf 82' lang='lat' dir='ltr'><strong>praevalere</strong></span> <span class='ocrx_word' id='word_1_215' title='bbox 1174 2824 1314 2898; x_wconf 86' lang='lat' dir='ltr'><strong>exempla</strong></span> 
     </span>
     <span class='ocr_line' id='line_1_26' title="bbox 216 2921 1316 2995; baseline 0.004 -17"><span class='ocrx_word' id='word_1_216' title='bbox 216 2930 323 2979; x_wconf 85' lang='lat' dir='ltr'><strong>nostra</strong></span> <span class='ocrx_word' id='word_1_217' title='bbox 344 2922 526 2990; x_wconf 91' lang='lat' dir='ltr'><strong>docuerunt,</strong></span> <span class='ocrx_word' id='word_1_218' title='bbox 559 2939 660 2979; x_wconf 89' lang='lat' dir='ltr'><strong>veram</strong></span> <span class='ocrx_word' id='word_1_219' title='bbox 688 2921 815 2995; x_wconf 86' lang='lat' dir='ltr'><strong>gloriam</strong></span> <span class='ocrx_word' id='word_1_220' title='bbox 846 2929 954 2979; x_wconf 89' lang='lat' dir='ltr'><strong>notare</strong></span> <span class='ocrx_word' id='word_1_221' title='bbox 983 2923 1014 2979; x_wconf 90' lang='lat' dir='ltr'><strong>in</strong></span> <span class='ocrx_word' id='word_1_222' title='bbox 1037 2924 1138 2980; x_wconf 91' lang='lat' dir='ltr'><strong>animo</strong></span> <span class='ocrx_word' id='word_1_223' title='bbox 1160 2924 1316 2984; x_wconf 87' lang='lat' dir='ltr'><strong>habuisse.</strong></span> 
     </span>
     <span class='ocr_line' id='line_1_27' title="bbox 219 3019 1314 3100; baseline 0 -20"><span class='ocrx_word' id='word_1_224' title='bbox 219 3023 343 3080; x_wconf 86' lang='lat' dir='ltr'><strong>Deinde</strong></span> <span class='ocrx_word' id='word_1_225' title='bbox 365 3022 474 3079; x_wconf 86' lang='lat' dir='ltr'><strong>falsum</strong></span> <span class='ocrx_word' id='word_1_226' title='bbox 495 3032 544 3080; x_wconf 92' lang='lat' dir='ltr'><strong>est</strong></span> <span class='ocrx_word' id='word_1_227' title='bbox 565 3023 638 3079; x_wconf 88' lang='lat' dir='ltr'><strong>illud</strong></span> <span class='ocrx_word' id='word_1_228' title='bbox 660 3023 747 3096; x_wconf 91' lang='lat' dir='ltr'><strong>quod</strong></span> <span class='ocrx_word' id='word_1_229' title='bbox 769 3022 917 3080; x_wconf 85' lang='lat' dir='ltr'><strong>Hirzelius</strong></span> <span class='ocrx_word' id='word_1_230' title='bbox 938 3019 972 3097; x_wconf 92' lang='lat' dir='ltr'><strong>(l.</strong></span> <span class='ocrx_word' id='word_1_231' title='bbox 996 3025 1014 3081; x_wconf 93' lang='lat' dir='ltr'><strong>l.</strong></span> <span class='ocrx_word' id='word_1_232' title='bbox 1038 3042 1067 3098; x_wconf 92' lang='lat' dir='ltr'><strong>p.</strong></span> <span class='ocrx_word' id='word_1_233' title='bbox 1091 3023 1130 3098; x_wconf 85' lang='lat'><strong>58</strong></span> <span class='ocrx_word' id='word_1_234' title='bbox 1153 3043 1184 3083; x_wconf 89' lang='lat' dir='ltr'><strong>n.</strong></span> <span class='ocrx_word' id='word_1_235' title='bbox 1211 3021 1239 3100; x_wconf 87' lang='lat'><strong>1)</strong></span> <span class='ocrx_word' id='word_1_236' title='bbox 1261 3043 1314 3080; x_wconf 91' lang='lat' dir='ltr'><strong>au·</strong></span> 
     </span>
     <span class='ocr_line' id='line_1_28' title="bbox 219 3118 1315 3198; baseline 0.004 -17"><span class='ocrx_word' id='word_1_237' title='bbox 219 3125 327 3181; x_wconf 91' lang='lat' dir='ltr'><strong>dacter</strong></span> <span class='ocrx_word' id='word_1_238' title='bbox 349 3124 523 3181; x_wconf 90' lang='lat' dir='ltr'><strong>contendit:</strong></span> <span class='ocrx_word' id='word_1_239' title='bbox 545 3118 644 3180; x_wconf 81' lang='lat' dir='ltr'><strong>‘recte</strong></span> <span class='ocrx_word' id='word_1_240' title='bbox 667 3124 728 3180; x_wconf 91' lang='lat' dir='ltr'><strong>dici</strong></span> <span class='ocrx_word' id='word_1_241' title='bbox 751 3132 782 3180; x_wconf 91' lang='lat' dir='ltr'><strong>et</strong></span> <span class='ocrx_word' id='word_1_242' title='bbox 806 3119 871 3198; x_wconf 81' lang='grc' dir='ltr'>ἔχει</span> <span class='ocrx_word' id='word_1_243' title='bbox 894 3141 941 3198; x_wconf 88' lang='grc' dir='ltr'><strong>τις</strong></span> <span class='ocrx_word' id='word_1_244' title='bbox 964 3120 1111 3185; x_wconf 86' lang='grc' dir='ltr'>εὔκλειαν</span> <span class='ocrx_word' id='word_1_245' title='bbox 1134 3134 1166 3182; x_wconf 88' lang='lat' dir='ltr'><strong>et</strong></span> <span class='ocrx_word' id='word_1_246' title='bbox 1188 3121 1315 3185; x_wconf 87' lang='grc' dir='ltr'>εὔκλεια</span> 
     </span>
     <span class='ocr_line' id='line_1_29' title="bbox 220 3217 1315 3300; baseline -0.001 -16"><span class='ocrx_word' id='word_1_247' title='bbox 220 3220 285 3298; x_wconf 82' lang='grc' dir='ltr'>ἔχει</span> <span class='ocrx_word' id='word_1_248' title='bbox 307 3217 404 3284; x_wconf 76' lang='grc' dir='ltr'>τινά’.</span> <span class='ocrx_word' id='word_1_249' title='bbox 448 3222 527 3280; x_wconf 90' lang='lat' dir='ltr'><strong>Nam</strong></span> <span class='ocrx_word' id='word_1_250' title='bbox 549 3224 584 3291; x_wconf 87' lang='lat' dir='ltr'><strong>is,</strong></span> <span class='ocrx_word' id='word_1_251' title='bbox 610 3224 660 3297; x_wconf 90' lang='lat' dir='ltr'><strong>qui</strong></span> <span class='ocrx_word' id='word_1_252' title='bbox 682 3224 765 3280; x_wconf 90' lang='lat' dir='ltr'><strong>bona</strong></span> <span class='ocrx_word' id='word_1_253' title='bbox 788 3223 868 3280; x_wconf 88' lang='lat' dir='ltr'><strong>fama</strong></span> <span class='ocrx_word' id='word_1_254' title='bbox 891 3234 1018 3282; x_wconf 86' lang='lat' dir='ltr'><strong>ornatus</strong></span> <span class='ocrx_word' id='word_1_255' title='bbox 1041 3234 1100 3292; x_wconf 89' lang='lat' dir='ltr'><strong>est,</strong></span> <span class='ocrx_word' id='word_1_256' title='bbox 1123 3227 1206 3300; x_wconf 90' lang='lat' dir='ltr'><strong>apud</strong></span> <span class='ocrx_word' id='word_1_257' title='bbox 1229 3226 1315 3283; x_wconf 89' lang='lat' dir='ltr'><strong>Euri·</strong></span> 
     </span>
     <span class='ocr_line' id='line_1_30' title="bbox 218 3319 1315 3402; baseline 0.003 -21"><span class='ocrx_word' id='word_1_258' title='bbox 218 3326 323 3401; x_wconf 90' lang='lat' dir='ltr'><strong>pidem</strong></span> <span class='ocrx_word' id='word_1_259' title='bbox 346 3342 467 3400; x_wconf 87' lang='lat' dir='ltr'><strong>semper</strong></span> <span class='ocrx_word' id='word_1_260' title='bbox 499 3319 573 3398; x_wconf 80' lang='grc' dir='ltr'>ἔχει,</span> <span class='ocrx_word' id='word_1_261' title='bbox 602 3343 666 3382; x_wconf 90' lang='lat' dir='ltr'><strong>non</strong></span> <span class='ocrx_word' id='word_1_262' title='bbox 694 3320 800 3399; x_wconf 79' lang='grc' dir='ltr'>ἔχεται</span> <span class='ocrx_word' id='word_1_263' title='bbox 834 3334 964 3402; x_wconf 86' lang='lat' dir='ltr'><strong>excepto</strong></span> <span class='ocrx_word' id='word_1_264' title='bbox 998 3326 1057 3383; x_wconf 93' lang='lat' dir='ltr'><strong>hoc</strong></span> <span class='ocrx_word' id='word_1_265' title='bbox 1091 3345 1152 3383; x_wconf 93' lang='lat' dir='ltr'><strong>uno</strong></span> <span class='ocrx_word' id='word_1_266' title='bbox 1175 3326 1315 3385; x_wconf 89' lang='lat' dir='ltr'><strong>Herculis</strong></span> 
     </span>
     <span class='ocr_line' id='line_1_31' title="bbox 217 3425 1315 3503; baseline 0.005 -20"><span class='ocrx_word' id='word_1_267' title='bbox 217 3426 296 3494; x_wconf 86' lang='lat' dir='ltr'><strong>loco,</strong></span> <span class='ocrx_word' id='word_1_268' title='bbox 326 3425 374 3482; x_wconf 94' lang='lat' dir='ltr'><strong>cui</strong></span> <span class='ocrx_word' id='word_1_269' title='bbox 403 3425 525 3482; x_wconf 92' lang='lat' dir='ltr'><strong>adicere</strong></span> <span class='ocrx_word' id='word_1_270' title='bbox 547 3427 641 3483; x_wconf 90' lang='lat' dir='ltr'><strong>voluit</strong></span> <span class='ocrx_word' id='word_1_271' title='bbox 671 3427 870 3502; x_wconf 90' lang='lat' dir='ltr'><strong>desperatum</strong></span> <span class='ocrx_word' id='word_1_272' title='bbox 892 3428 1128 3485; x_wconf 88' lang='lat' dir='ltr'><strong>Andromachae</strong></span> <span class='ocrx_word' id='word_1_273' title='bbox 1152 3429 1252 3486; x_wconf 89' lang='lat' dir='ltr'><strong>locum</strong></span> <span class='ocrx_word' id='word_1_274' title='bbox 1274 3425 1315 3503; x_wconf 92' lang='lat' dir='ltr'><strong>(v.</strong></span> 
     </span>
     <span class='ocr_line' id='line_1_32' title="bbox 218 3521 1315 3603; baseline 0.002 -19"><span class='ocrx_word' id='word_1_275' title='bbox 218 3521 396 3603; x_wconf 80' lang='lat'>321-323)</span> <span class='ocrx_word' id='word_1_276' title='bbox 412 3525 570 3594; x_wconf 87' lang='lat' dir='ltr'><strong>Hirzelius,</strong></span> <span class='ocrx_word' id='word_1_277' title='bbox 594 3527 668 3584; x_wconf 91' lang='lat' dir='ltr'><strong>dum</strong></span> <span class='ocrx_word' id='word_1_278' title='bbox 692 3528 804 3585; x_wconf 90' lang='lat' dir='ltr'><strong>conicit</strong></span> <span class='ocrx_word' id='word_1_279' title='bbox 828 3529 860 3584; x_wconf 92' lang='lat' dir='ltr'><strong>in</strong></span> <span class='ocrx_word' id='word_1_280' title='bbox 884 3548 908 3588; x_wconf 89' lang='lat' dir='ltr'><strong>v.</strong></span> <span class='ocrx_word' id='word_1_281' title='bbox 927 3544 986 3602; x_wconf 82' lang='lat'><strong>322</strong></span> <span class='ocrx_word' id='word_1_282' title='bbox 1011 3530 1206 3587; x_wconf 90' lang='lat' dir='ltr'><strong>scribendum</strong></span> <span class='ocrx_word' id='word_1_283' title='bbox 1229 3547 1315 3586; x_wconf 92' lang='lat' dir='ltr'><strong>esse:</strong></span> 
     </span>
     <span class='ocr_line' id='line_1_33' title="bbox 217 3620 1316 3706; baseline -0.001 -18"><span class='ocrx_word' id='word_1_284' title='bbox 217 3624 296 3701; x_wconf 86' lang='grc' dir='ltr'>τοὺς</span> <span class='ocrx_word' id='word_1_285' title='bbox 318 3620 503 3702; x_wconf 87' lang='lat' dir='ltr'><strong>(relativum)</strong></span> <span class='ocrx_word' id='word_1_286' title='bbox 526 3625 554 3686; x_wconf 87' lang='grc' dir='ltr'><strong>δ’</strong></span> <span class='ocrx_word' id='word_1_287' title='bbox 570 3622 633 3686; x_wconf 87' lang='grc' dir='ltr'><strong>ὑπὸ</strong></span> <span class='ocrx_word' id='word_1_288' title='bbox 656 3628 788 3702; x_wconf 82' lang='grc' dir='ltr'>ψευδῶν</span> <span class='ocrx_word' id='word_1_289' title='bbox 811 3624 876 3703; x_wconf 81' lang='grc' dir='ltr'>ἔχει</span> <span class='ocrx_word' id='word_1_290' title='bbox 899 3628 955 3702; x_wconf 88' lang='lat' dir='ltr'><strong>(sc.</strong></span> <span class='ocrx_word' id='word_1_291' title='bbox 978 3625 1129 3706; x_wconf 82' lang='grc' dir='ltr'>εὔκλεια).</span> <span class='ocrx_word' id='word_1_292' title='bbox 1169 3630 1316 3705; x_wconf 89' lang='lat' dir='ltr'><strong>Inspicias</strong></span> 
     </span>
     <span class='ocr_line' id='line_1_34' title="bbox 219 3726 1316 3801; baseline 0.003 -17"><span class='ocrx_word' id='word_1_293' title='bbox 219 3728 276 3784; x_wconf 90' lang='lat' dir='ltr'><strong>hos</strong></span> <span class='ocrx_word' id='word_1_294' title='bbox 298 3727 393 3794; x_wconf 76' lang='lat' dir='ltr'><strong>locoS,</strong></span> <span class='ocrx_word' id='word_1_295' title='bbox 417 3726 468 3782; x_wconf 92' lang='lat' dir='ltr'><strong>ubi</strong></span> <span class='ocrx_word' id='word_1_296' title='bbox 487 3727 650 3801; x_wconf 89' lang='lat' dir='ltr'><strong>Euripides</strong></span> <span class='ocrx_word' id='word_1_297' title='bbox 673 3731 713 3785; x_wconf 91' lang='lat' dir='ltr'><strong>de</strong></span> <span class='ocrx_word' id='word_1_298' title='bbox 733 3730 816 3786; x_wconf 90' lang='lat' dir='ltr'><strong>bona</strong></span> <span class='ocrx_word' id='word_1_299' title='bbox 839 3728 919 3787; x_wconf 80' lang='lat' dir='ltr'><strong>fama</strong></span> <span class='ocrx_word' id='word_1_300' title='bbox 942 3741 1057 3788; x_wconf 89' lang='lat' dir='ltr'><strong>rectam</strong></span> <span class='ocrx_word' id='word_1_301' title='bbox 1080 3740 1316 3789; x_wconf 87' lang='lat' dir='ltr'><strong>structuram-</strong></span> 
     </span>
     <span class='ocr_line' id='line_1_35' title="bbox 219 3821 1316 3906; baseline 0.006 -24"><span class='ocrx_word' id='word_1_302' title='bbox 219 3845 312 3902; x_wconf 89' lang='lat' dir='ltr'><strong>quam</strong></span> <span class='ocrx_word' id='word_1_303' title='bbox 346 3821 568 3901; x_wconf 82' lang='lat' dir='ltr'><strong>‘personalem’</strong></span> <span class='ocrx_word' id='word_1_304' title='bbox 602 3829 703 3884; x_wconf 90' lang='lat' dir='ltr'><strong>dicere</strong></span> <span class='ocrx_word' id='word_1_305' title='bbox 736 3830 837 3905; x_wconf 94' lang='lat' dir='ltr'><strong>possis</strong></span> <span class='ocrx_word' id='word_1_306' title='bbox 863 3862 899 3870; x_wconf 97' lang='lat'><strong>—</strong></span> <span class='ocrx_word' id='word_1_307' title='bbox 924 3833 1093 3906; x_wconf 85' lang='lat' dir='ltr'><strong>usurpavit:</strong></span> <span class='ocrx_word' id='word_1_308' title='bbox 1126 3833 1221 3891; x_wconf 90' lang='lat' dir='ltr'><strong>Andr.</strong></span> <span class='ocrx_word' id='word_1_309' title='bbox 1246 3831 1316 3890; x_wconf 87' lang='lat'><strong>800.</strong></span> 
     </span>
     <span class='ocr_line' id='line_1_36' title="bbox 219 3927 1315 4009; baseline 0.007 -25"><span class='ocrx_word' id='word_1_310' title='bbox 219 3928 297 3986; x_wconf 87' lang='lat' dir='ltr'><strong>Hec.</strong></span> <span class='ocrx_word' id='word_1_311' title='bbox 321 3927 391 4002; x_wconf 80' lang='lat'>489.</span> <span class='ocrx_word' id='word_1_312' title='bbox 420 3943 508 4000; x_wconf 84' lang='lat'>1225.</span> <span class='ocrx_word' id='word_1_313' title='bbox 531 3928 600 3987; x_wconf 88' lang='lat' dir='ltr'><strong>Hel.</strong></span> <span class='ocrx_word' id='word_1_314' title='bbox 624 3928 695 4000; x_wconf 87' lang='lat'>841.</span> <span class='ocrx_word' id='word_1_315' title='bbox 719 3931 764 3990; x_wconf 89' lang='lat' dir='ltr'><strong>El.</strong></span> <span class='ocrx_word' id='word_1_316' title='bbox 790 3932 878 4005; x_wconf 82' lang='lat'>1084.</span> <span class='ocrx_word' id='word_1_317' title='bbox 907 3933 999 3991; x_wconf 86' lang='lat' dir='ltr'><strong>Herc.</strong></span> <span class='ocrx_word' id='word_1_318' title='bbox 1027 3948 1094 4007; x_wconf 85' lang='lat'>157.</span> <span class='ocrx_word' id='word_1_319' title='bbox 1118 3934 1220 4009; x_wconf 89' lang='lat' dir='ltr'><strong>Suppl.</strong></span> <span class='ocrx_word' id='word_1_320' title='bbox 1245 3948 1315 4007; x_wconf 81' lang='lat'><strong>315.</strong></span> 
     </span>
     <span class='ocr_line' id='line_1_37' title="bbox 218 4028 1315 4106; baseline 0.007 -21"><span class='ocrx_word' id='word_1_321' title='bbox 218 4028 343 4104; x_wconf 84' lang='lat' dir='ltr'><strong>Hippol.</strong></span> <span class='ocrx_word' id='word_1_322' title='bbox 371 4043 443 4101; x_wconf 78' lang='lat'><strong>432.</strong></span> <span class='ocrx_word' id='word_1_323' title='bbox 466 4028 531 4104; x_wconf 92' lang='lat' dir='ltr'><strong>Iph.</strong></span> <span class='ocrx_word' id='word_1_324' title='bbox 555 4030 591 4087; x_wconf 94' lang='lat' dir='ltr'><strong>A.</strong></span> <span class='ocrx_word' id='word_1_325' title='bbox 617 4028 705 4088; x_wconf 84' lang='lat'>1606.</span> <span class='ocrx_word' id='word_1_326' title='bbox 728 4031 793 4106; x_wconf 91' lang='lat' dir='ltr'><strong>Iph.</strong></span> <span class='ocrx_word' id='word_1_327' title='bbox 817 4033 1004 4094; x_wconf 84' lang='lat' dir='ltr'><strong>T.12.10n.</strong></span> <span class='ocrx_word' id='word_1_328' title='bbox 1030 4032 1116 4106; x_wconf 84' lang='lat'><strong>1588.</strong></span> <span class='ocrx_word' id='word_1_329' title='bbox 1139 4035 1222 4090; x_wconf 86' lang='lat' dir='ltr'><strong>Med.</strong></span> <span class='ocrx_word' id='word_1_330' title='bbox 1244 4048 1315 4106; x_wconf 78' lang='lat'><strong>415.</strong></span> 
     </span>
     <span class='ocr_line' id='line_1_38' title="bbox 222 4127 1317 4209; baseline 0.006 -24"><span class='ocrx_word' id='word_1_331' title='bbox 222 4144 292 4202; x_wconf 81' lang='grc'><strong>540.</strong></span> <span class='ocrx_word' id='word_1_332' title='bbox 316 4127 369 4188; x_wconf 89' lang='lat' dir='ltr'><strong>Or.</strong></span> <span class='ocrx_word' id='word_1_333' title='bbox 398 4143 486 4201; x_wconf 85' lang='lat'>1151.</span> <span class='ocrx_word' id='word_1_334' title='bbox 512 4129 628 4188; x_wconf 88' lang='lat' dir='ltr'><strong>Phoen.</strong></span> <span class='ocrx_word' id='word_1_335' title='bbox 656 4146 743 4204; x_wconf 79' lang='lat'>1314.</span> <span class='ocrx_word' id='word_1_336' title='bbox 774 4134 963 4190; x_wconf 85' lang='lat' dir='ltr'><strong>Andromed.</strong></span> <span class='ocrx_word' id='word_1_337' title='bbox 987 4134 1020 4193; x_wconf 87' lang='lat' dir='ltr'><strong>fr.</strong></span> <span class='ocrx_word' id='word_1_338' title='bbox 1048 4148 1112 4209; x_wconf 83' lang='lat'>147.</span> <span class='ocrx_word' id='word_1_339' title='bbox 1136 4135 1259 4208; x_wconf 88' lang='lat' dir='ltr'><strong>Antiop.</strong></span> <span class='ocrx_word' id='word_1_340' title='bbox 1283 4134 1317 4194; x_wconf 83' lang='lat' dir='ltr'><strong>fr.</strong></span> 
     </span>
    </p>

    <p class='ocr_par' dir='ltr' id='par_1_4' title="bbox 224 4229 1318 4308">
     <span class='ocr_line' id='line_1_39' title="bbox 224 4229 1318 4308; baseline 0.005 -20"><span class='ocrx_word' id='word_1_341' title='bbox 224 4247 295 4306; x_wconf 79' lang='lat'>219,</span> <span class='ocrx_word' id='word_1_342' title='bbox 319 4246 349 4301; x_wconf 88' lang='lat'><strong>4.</strong></span> <span class='ocrx_word' id='word_1_343' title='bbox 373 4229 464 4289; x_wconf 88' lang='lat' dir='ltr'><strong>Arch.</strong></span> <span class='ocrx_word' id='word_1_344' title='bbox 488 4229 521 4289; x_wconf 86' lang='lat' dir='ltr'><strong>fr.</strong></span> <span class='ocrx_word' id='word_1_345' title='bbox 550 4246 619 4303; x_wconf 87' lang='lat'>240,</span> <span class='ocrx_word' id='word_1_346' title='bbox 650 4247 666 4287; x_wconf 94' lang='lat'>2</span> <span class='ocrx_word' id='word_1_347' title='bbox 699 4240 731 4288; x_wconf 90' lang='lat' dir='ltr'><strong>et</strong></span> <span class='ocrx_word' id='word_1_348' title='bbox 755 4247 825 4305; x_wconf 87' lang='grc'><strong>244,</strong></span> <span class='ocrx_word' id='word_1_349' title='bbox 849 4249 875 4292; x_wconf 94' lang='grc'><strong>2.</strong></span> <span class='ocrx_word' id='word_1_350' title='bbox 902 4233 982 4291; x_wconf 91' lang='lat' dir='ltr'><strong>Dan.</strong></span> <span class='ocrx_word' id='word_1_351' title='bbox 1005 4233 1038 4292; x_wconf 88' lang='lat' dir='ltr'><strong>fr.</strong></span> <span class='ocrx_word' id='word_1_352' title='bbox 1061 4233 1132 4306; x_wconf 80' lang='lat'>328,</span> <span class='ocrx_word' id='word_1_353' title='bbox 1160 4251 1189 4308; x_wconf 90' lang='lat'><strong>4.</strong></span> <span class='ocrx_word' id='word_1_354' title='bbox 1211 4234 1261 4294; x_wconf 84' lang='lat' dir='ltr'><strong>Er.</strong></span> <span class='ocrx_word' id='word_1_355' title='bbox 1285 4233 1299 4290; x_wconf 88' lang='lat' dir='ltr'><strong>f</strong></span> <span class='ocrx_word' id='word_1_356' title='bbox 1312 4278 1318 4293; x_wconf 93' lang='lat'><strong>.</strong></span> 
     </span>
    </p>
   </div>
   <div class='ocr_carea' id='block_1_3' title="bbox 0 0 1510 4920">
    <p class='ocr_par' dir='ltr' id='par_1_5' title="bbox 0 0 1510 4920">
     <span class='ocr_line' id='line_1_40' title="bbox 0 0 1510 4920; baseline 0 0"><span class='ocrx_word' id='word_1_357' title='bbox 0 0 1510 4920; x_wconf 95' lang='lat' dir='ltr'><strong> </strong></span> 
     </span>
    </p>
   </div>
  </div>
 </body>
</html>
