<?xml version="1.0" encoding="UTF-8"?>
<!DOCTYPE html PUBLIC "-//W3C//DTD XHTML 1.0 Transitional//EN"
    "http://www.w3.org/TR/xhtml1/DTD/xhtml1-transitional.dtd">
<html xmlns="http://www.w3.org/1999/xhtml" xml:lang="en" lang="en">
 <head>
  <title>
</title>
<meta http-equiv="Content-Type" content="text/html;charset=utf-8" />
  <meta name='ocr-system' content='tesseract 3.04.00' />
  <meta name='ocr-capabilities' content='ocr_page ocr_carea ocr_par ocr_line ocrx_word'/>
</head>
<body>
  <div class='ocr_page' id='page_1' title='image "./animadversiones00holtgoog_0044.png"; bbox 0 0 2992 4920; ppageno 0'>
   <div class='ocr_carea' id='block_1_1' title="bbox 491 710 994 806">
    <p class='ocr_par' dir='ltr' id='par_1_1' title="bbox 491 710 994 806">
     <span class='ocr_line' id='line_1_1' title="bbox 491 710 994 806; baseline 0.008 -25"><span class='ocrx_word' id='word_1_1' title='bbox 491 711 552 782; x_wconf 88' lang='lat' dir='ltr'><strong>De</strong></span> <span class='ocrx_word' id='word_1_2' title='bbox 585 710 697 783; x_wconf 87' lang='lat' dir='ltr'><strong>Herc.</strong></span> <span class='ocrx_word' id='word_1_3' title='bbox 725 736 759 782; x_wconf 93' lang='lat' dir='ltr'><strong>v.</strong></span> <span class='ocrx_word' id='word_1_4' title='bbox 787 733 994 806; x_wconf 78' lang='lat'>497—513.</span> 
     </span>
    </p>
   </div>
   <div class='ocr_carea' id='block_1_2' title="bbox 132 917 1296 4325">
    <p class='ocr_par' dir='ltr' id='par_1_2' title="bbox 197 917 1296 1686">
     <span class='ocr_line' id='line_1_2' title="bbox 298 917 1293 1005; baseline 0.006 -26"><span class='ocrx_word' id='word_1_5' title='bbox 298 917 346 980; x_wconf 89' lang='lat' dir='ltr'><strong>De</strong></span> <span class='ocrx_word' id='word_1_6' title='bbox 366 923 509 981; x_wconf 84' lang='lat' dir='ltr'>extremis</span> <span class='ocrx_word' id='word_1_7' title='bbox 532 921 749 1003; x_wconf 86' lang='lat' dir='ltr'><strong>antecedentis</strong></span> <span class='ocrx_word' id='word_1_8' title='bbox 772 923 1004 982; x_wconf 83' lang='lat' dir='ltr'>declamationis</span> <span class='ocrx_word' id='word_1_9' title='bbox 1025 928 1162 984; x_wconf 89' lang='lat' dir='ltr'><strong>versibus</strong></span> <span class='ocrx_word' id='word_1_10' title='bbox 1177 925 1293 1005; x_wconf 80' lang='lat'>(495—</span> 
     </span>
     <span class='ocr_line' id='line_1_3' title="bbox 198 1018 1295 1102; baseline 0.005 -21"><span class='ocrx_word' id='word_1_11' title='bbox 198 1018 284 1102; x_wconf 84' lang='lat'><strong>496),</strong></span> <span class='ocrx_word' id='word_1_12' title='bbox 306 1025 358 1100; x_wconf 91' lang='lat' dir='ltr'><strong>qui</strong></span> <span class='ocrx_word' id='word_1_13' title='bbox 380 1024 626 1081; x_wconf 84' lang='lat' dir='ltr'><strong>molestissimam</strong></span> <span class='ocrx_word' id='word_1_14' title='bbox 646 1023 859 1098; x_wconf 84' lang='lat' dir='ltr'><strong>repetitionem</strong></span> <span class='ocrx_word' id='word_1_15' title='bbox 880 1033 911 1080; x_wconf 92' lang='lat' dir='ltr'><strong>et</strong></span> <span class='ocrx_word' id='word_1_16' title='bbox 934 1025 1200 1101; x_wconf 88' lang='lat' dir='ltr'><strong>amplificationem</strong></span> <span class='ocrx_word' id='word_1_17' title='bbox 1221 1048 1295 1088; x_wconf 91' lang='lat' dir='ltr'><strong>con·</strong></span> 
     </span>
     <span class='ocr_line' id='line_1_4' title="bbox 197 1124 1296 1195; baseline 0.008 -14"><span class='ocrx_word' id='word_1_18' title='bbox 197 1127 306 1195; x_wconf 86' lang='lat' dir='ltr'><strong>tinent,</strong></span> <span class='ocrx_word' id='word_1_19' title='bbox 339 1124 400 1182; x_wconf 90' lang='lat' dir='ltr'><strong>iam</strong></span> <span class='ocrx_word' id='word_1_20' title='bbox 432 1126 551 1181; x_wconf 93' lang='lat' dir='ltr'><strong>dudum</strong></span> <span class='ocrx_word' id='word_1_21' title='bbox 582 1133 664 1181; x_wconf 85' lang='lat' dir='ltr'><strong>recte</strong></span> <span class='ocrx_word' id='word_1_22' title='bbox 701 1125 846 1182; x_wconf 91' lang='lat' dir='ltr'><strong>iudicavit</strong></span> <span class='ocrx_word' id='word_1_23' title='bbox 878 1125 1065 1188; x_wconf 82' lang='lat' dir='ltr'><strong>Dindorfius</strong></span> <span class='ocrx_word' id='word_1_24' title='bbox 1109 1130 1188 1187; x_wconf 88' lang='lat' dir='ltr'><strong>Nam</strong></span> <span class='ocrx_word' id='word_1_25' title='bbox 1220 1132 1296 1190; x_wconf 92' lang='lat' dir='ltr'><strong>illud</strong></span> 
     </span>
     <span class='ocr_line' id='line_1_5' title="bbox 200 1225 1295 1306; baseline 0.005 -24"><span class='ocrx_word' id='word_1_26' title='bbox 200 1226 318 1284; x_wconf 88' lang='lat' dir='ltr'><strong>fortiter</strong></span> <span class='ocrx_word' id='word_1_27' title='bbox 346 1227 523 1300; x_wconf 89' lang='lat' dir='ltr'><strong>negandum</strong></span> <span class='ocrx_word' id='word_1_28' title='bbox 555 1234 611 1294; x_wconf 90' lang='lat' dir='ltr'><strong>est,</strong></span> <span class='ocrx_word' id='word_1_29' title='bbox 645 1227 730 1300; x_wconf 91' lang='lat' dir='ltr'><strong>quod</strong></span> <span class='ocrx_word' id='word_1_30' title='bbox 752 1225 817 1285; x_wconf 90' lang='lat' dir='ltr'><strong>Wil.</strong></span> <span class='ocrx_word' id='word_1_31' title='bbox 836 1226 872 1285; x_wconf 87' lang='lat' dir='ltr'><strong>A.</strong></span> <span class='ocrx_word' id='word_1_32' title='bbox 896 1245 924 1300; x_wconf 89' lang='lat' dir='ltr'><strong>p.</strong></span> <span class='ocrx_word' id='word_1_33' title='bbox 944 1242 1003 1299; x_wconf 81' lang='lat'><strong>234</strong></span> <span class='ocrx_word' id='word_1_34' title='bbox 1026 1231 1196 1300; x_wconf 84' lang='lat' dir='ltr'><strong>contendit,</strong></span> <span class='ocrx_word' id='word_1_35' title='bbox 1217 1249 1295 1306; x_wconf 91' lang='lat' dir='ltr'><strong>opus</strong></span> 
     </span>
     <span class='ocr_line' id='line_1_6' title="bbox 199 1326 1296 1403; baseline 0.005 -20"><span class='ocrx_word' id='word_1_36' title='bbox 199 1343 269 1383; x_wconf 90' lang='lat' dir='ltr'><strong>esse</strong></span> <span class='ocrx_word' id='word_1_37' title='bbox 290 1345 317 1384; x_wconf 92' lang='lat' dir='ltr'><strong>v.</strong></span> <span class='ocrx_word' id='word_1_38' title='bbox 331 1340 401 1400; x_wconf 79' lang='grc'><strong>495,</strong></span> <span class='ocrx_word' id='word_1_39' title='bbox 424 1343 463 1382; x_wconf 89' lang='lat' dir='ltr'><strong>ne</strong></span> <span class='ocrx_word' id='word_1_40' title='bbox 486 1326 583 1383; x_wconf 92' lang='lat' dir='ltr'><strong>oratio</strong></span> <span class='ocrx_word' id='word_1_41' title='bbox 603 1327 713 1382; x_wconf 86' lang='lat' dir='ltr'><strong>misere</strong></span> <span class='ocrx_word' id='word_1_42' title='bbox 737 1327 943 1401; x_wconf 85' lang='lat' dir='ltr'><strong>abrumpatur.</strong></span> <span class='ocrx_word' id='word_1_43' title='bbox 987 1327 1036 1385; x_wconf 94' lang='lat' dir='ltr'><strong>An</strong></span> <span class='ocrx_word' id='word_1_44' title='bbox 1057 1331 1124 1403; x_wconf 88' lang='lat' dir='ltr'><strong>quis</strong></span> <span class='ocrx_word' id='word_1_45' title='bbox 1147 1331 1296 1389; x_wconf 85' lang='lat' dir='ltr'><strong>inveniret</strong></span> 
     </span>
     <span class='ocr_line' id='line_1_7' title="bbox 200 1427 1296 1506; baseline 0.004 -22"><span class='ocrx_word' id='word_1_46' title='bbox 200 1428 367 1484; x_wconf 87' lang='lat' dir='ltr'><strong>clausulam</strong></span> <span class='ocrx_word' id='word_1_47' title='bbox 390 1445 453 1483; x_wconf 92' lang='lat' dir='ltr'><strong>non</strong></span> <span class='ocrx_word' id='word_1_48' title='bbox 474 1428 569 1483; x_wconf 93' lang='lat' dir='ltr'><strong>modo</strong></span> <span class='ocrx_word' id='word_1_49' title='bbox 592 1427 690 1501; x_wconf 89' lang='lat' dir='ltr'><strong>magis</strong></span> <span class='ocrx_word' id='word_1_50' title='bbox 713 1428 858 1502; x_wconf 86' lang='lat' dir='ltr'><strong>tragicam</strong></span> <span class='ocrx_word' id='word_1_51' title='bbox 881 1429 938 1484; x_wconf 89' lang='lat' dir='ltr'><strong>sed</strong></span> <span class='ocrx_word' id='word_1_52' title='bbox 960 1429 1051 1485; x_wconf 85' lang='lat' dir='ltr'><strong>etiam</strong></span> <span class='ocrx_word' id='word_1_53' title='bbox 1062 1430 1189 1506; x_wconf 88' lang='lat' dir='ltr'><strong>Megara</strong></span> <span class='ocrx_word' id='word_1_54' title='bbox 1204 1433 1296 1490; x_wconf 90' lang='lat' dir='ltr'><strong>vehe-</strong></span> 
     </span>
     <span class='ocr_line' id='line_1_8' title="bbox 199 1527 1295 1605; baseline 0.005 -21"><span class='ocrx_word' id='word_1_55' title='bbox 199 1528 389 1584; x_wconf 89' lang='lat' dir='ltr'><strong>mentissimo</strong></span> <span class='ocrx_word' id='word_1_56' title='bbox 425 1535 510 1584; x_wconf 92' lang='lat' dir='ltr'><strong>motu</strong></span> <span class='ocrx_word' id='word_1_57' title='bbox 548 1527 639 1584; x_wconf 88' lang='lat' dir='ltr'><strong>animi</strong></span> <span class='ocrx_word' id='word_1_58' title='bbox 683 1528 837 1585; x_wconf 90' lang='lat' dir='ltr'><strong>concitata</strong></span> <span class='ocrx_word' id='word_1_59' title='bbox 876 1528 1046 1602; x_wconf 85' lang='lat' dir='ltr'><strong>digniorem</strong></span> <span class='ocrx_word' id='word_1_60' title='bbox 1086 1548 1178 1605; x_wconf 91' lang='lat' dir='ltr'><strong>quam</strong></span> <span class='ocrx_word' id='word_1_61' title='bbox 1214 1533 1295 1590; x_wconf 91' lang='lat' dir='ltr'><strong>hunc</strong></span> 
     </span>
     <span class='ocr_line' id='line_1_9' title="bbox 199 1645 332 1686; baseline 0.015 -2"><span class='ocrx_word' id='word_1_62' title='bbox 199 1645 332 1686; x_wconf 89' lang='lat' dir='ltr'><strong>versum:</strong></span> 
     </span>
    </p>

    <p class='ocr_par' dir='ltr' id='par_1_3' title="bbox 196 1724 1295 3014">
     <span class='ocr_line' id='line_1_10' title="bbox 275 1724 1205 1807; baseline 0.003 -17"><span class='ocrx_word' id='word_1_63' title='bbox 275 1724 403 1806; x_wconf 81' lang='grc' dir='ltr'>ἄρηξον,</span> <span class='ocrx_word' id='word_1_64' title='bbox 427 1726 500 1790; x_wconf 81' lang='grc' dir='ltr'>ἐλθὲ</span> <span class='ocrx_word' id='word_1_65' title='bbox 523 1726 574 1789; x_wconf 85' lang='grc' dir='ltr'><strong>καὶ</strong></span> <span class='ocrx_word' id='word_1_66' title='bbox 596 1726 670 1789; x_wconf 86' lang='grc' dir='ltr'>σκιὰ</span> <span class='ocrx_word' id='word_1_67' title='bbox 690 1725 744 1803; x_wconf 89' lang='lat' dir='ltr'><strong>(sis</strong></span> <span class='ocrx_word' id='word_1_68' title='bbox 768 1731 838 1787; x_wconf 88' lang='lat' dir='ltr'><strong>licet</strong></span> <span class='ocrx_word' id='word_1_69' title='bbox 853 1725 980 1806; x_wconf 84' lang='lat' dir='ltr'><strong>umbra)</strong></span> <span class='ocrx_word' id='word_1_70' title='bbox 1003 1726 1123 1806; x_wconf 83' lang='grc' dir='ltr'>φάνηθί</span> <span class='ocrx_word' id='word_1_71' title='bbox 1145 1749 1205 1807; x_wconf 88' lang='grc' dir='ltr'>μοι.</span> 
     </span>
     <span class='ocr_line' id='line_1_11' title="bbox 198 1829 1295 1906; baseline 0.003 -18"><span class='ocrx_word' id='word_1_72' title='bbox 198 1831 263 1888; x_wconf 90' lang='lat' dir='ltr'><strong>Sed</strong></span> <span class='ocrx_word' id='word_1_73' title='bbox 286 1849 365 1906; x_wconf 86' lang='lat' dir='ltr'><strong>quae</strong></span> <span class='ocrx_word' id='word_1_74' title='bbox 381 1830 573 1888; x_wconf 89' lang='lat' dir='ltr'><strong>Dindorfium</strong></span> <span class='ocrx_word' id='word_1_75' title='bbox 596 1831 693 1888; x_wconf 90' lang='lat' dir='ltr'><strong>secuti</strong></span> <span class='ocrx_word' id='word_1_76' title='bbox 709 1831 749 1886; x_wconf 91' lang='lat' dir='ltr'><strong>de</strong></span> <span class='ocrx_word' id='word_1_77' title='bbox 765 1849 791 1888; x_wconf 89' lang='lat' dir='ltr'><strong>v.</strong></span> <span class='ocrx_word' id='word_1_78' title='bbox 809 1829 1200 1905; x_wconf 74' lang='lat' dir='ltr'><strong>495-4961udicavimus‚</strong></span> <span class='ocrx_word' id='word_1_79' title='bbox 1222 1852 1295 1891; x_wconf 87' lang='lat' dir='ltr'><strong>con-</strong></span> 
     </span>
     <span class='ocr_line' id='line_1_12' title="bbox 200 1932 1295 2006; baseline 0.003 -18"><span class='ocrx_word' id='word_1_80' title='bbox 200 1932 355 1989; x_wconf 90' lang='lat' dir='ltr'><strong>firmantur</strong></span> <span class='ocrx_word' id='word_1_81' title='bbox 375 1933 605 2006; x_wconf 90' lang='lat' dir='ltr'><strong>quodammodo</strong></span> <span class='ocrx_word' id='word_1_82' title='bbox 619 1932 672 2000; x_wconf 90' lang='lat' dir='ltr'><strong>eis,</strong></span> <span class='ocrx_word' id='word_1_83' title='bbox 698 1947 777 2004; x_wconf 90' lang='lat' dir='ltr'><strong>quae</strong></span> <span class='ocrx_word' id='word_1_84' title='bbox 789 1933 830 1988; x_wconf 88' lang='lat' dir='ltr'><strong>de</strong></span> <span class='ocrx_word' id='word_1_85' title='bbox 842 1933 939 2006; x_wconf 87' lang='lat' dir='ltr'><strong>primo</strong></span> <span class='ocrx_word' id='word_1_86' title='bbox 955 1933 1183 2006; x_wconf 88' lang='lat' dir='ltr'><strong>Amphitruonis</strong></span> <span class='ocrx_word' id='word_1_87' title='bbox 1207 1952 1295 1991; x_wconf 89' lang='lat' dir='ltr'><strong>versu</strong></span> 
     </span>
     <span class='ocr_line' id='line_1_13' title="bbox 198 2032 1295 2110; baseline 0.003 -20"><span class='ocrx_word' id='word_1_88' title='bbox 198 2033 270 2090; x_wconf 93' lang='lat' dir='ltr'><strong>mihi</strong></span> <span class='ocrx_word' id='word_1_89' title='bbox 292 2033 444 2090; x_wconf 89' lang='lat' dir='ltr'><strong>invenisse</strong></span> <span class='ocrx_word' id='word_1_90' title='bbox 467 2035 580 2092; x_wconf 86' lang='lat' dir='ltr'><strong>videor.</strong></span> <span class='ocrx_word' id='word_1_91' title='bbox 625 2032 724 2089; x_wconf 91' lang='lat' dir='ltr'><strong>Doleo</strong></span> <span class='ocrx_word' id='word_1_92' title='bbox 757 2041 860 2090; x_wconf 85' lang='lat' dir='ltr'><strong>autem</strong></span> <span class='ocrx_word' id='word_1_93' title='bbox 890 2035 974 2108; x_wconf 92' lang='lat' dir='ltr'><strong>quod</strong></span> <span class='ocrx_word' id='word_1_94' title='bbox 1004 2034 1053 2091; x_wconf 92' lang='lat' dir='ltr'><strong>hic</strong></span> <span class='ocrx_word' id='word_1_95' title='bbox 1084 2053 1207 2110; x_wconf 89' lang='lat' dir='ltr'><strong>quoque</strong></span> <span class='ocrx_word' id='word_1_96' title='bbox 1234 2038 1295 2094; x_wconf 91' lang='lat' dir='ltr'><strong>dis-</strong></span> 
     </span>
     <span class='ocr_line' id='line_1_14' title="bbox 200 2134 1294 2210; baseline 0.004 -20"><span class='ocrx_word' id='word_1_97' title='bbox 200 2134 299 2190; x_wconf 90' lang='lat' dir='ltr'><strong>sentio</strong></span> <span class='ocrx_word' id='word_1_98' title='bbox 323 2153 341 2191; x_wconf 91' lang='lat' dir='ltr'><strong>a</strong></span> <span class='ocrx_word' id='word_1_99' title='bbox 363 2134 438 2203; x_wconf 88' lang='lat' dir='ltr'><strong>Wil,</strong></span> <span class='ocrx_word' id='word_1_100' title='bbox 460 2135 511 2209; x_wconf 90' lang='lat' dir='ltr'><strong>qui</strong></span> <span class='ocrx_word' id='word_1_101' title='bbox 532 2135 646 2209; x_wconf 92' lang='lat' dir='ltr'><strong>primus</strong></span> <span class='ocrx_word' id='word_1_102' title='bbox 668 2135 743 2191; x_wconf 88' lang='lat' dir='ltr'><strong>vidit</strong></span> <span class='ocrx_word' id='word_1_103' title='bbox 765 2135 856 2191; x_wconf 90' lang='lat' dir='ltr'><strong>verba</strong></span> <span class='ocrx_word' id='word_1_104' title='bbox 877 2135 1107 2210; x_wconf 88' lang='lat' dir='ltr'><strong>Amphitruonis</strong></span> <span class='ocrx_word' id='word_1_105' title='bbox 1134 2154 1196 2194; x_wconf 92' lang='lat' dir='ltr'><strong>non</strong></span> <span class='ocrx_word' id='word_1_106' title='bbox 1225 2155 1294 2194; x_wconf 89' lang='lat' dir='ltr'><strong>esse</strong></span> 
     </span>
     <span class='ocr_line' id='line_1_15' title="bbox 198 2234 683 2311; baseline 0 -19"><span class='ocrx_word' id='word_1_107' title='bbox 198 2252 283 2294; x_wconf 88' lang='lat' dir='ltr'><strong>sana.</strong></span> <span class='ocrx_word' id='word_1_108' title='bbox 328 2234 390 2292; x_wconf 91' lang='lat' dir='ltr'><strong>Sed</strong></span> <span class='ocrx_word' id='word_1_109' title='bbox 410 2237 540 2311; x_wconf 93' lang='lat' dir='ltr'><strong>primum</strong></span> <span class='ocrx_word' id='word_1_110' title='bbox 563 2237 683 2292; x_wconf 78' lang='lat' dir='ltr'><strong>versum</strong></span> 
     </span>
     <span class='ocr_line' id='line_1_16' title="bbox 368 2330 1091 2415; baseline 0 -20"><span class='ocrx_word' id='word_1_111' title='bbox 368 2333 410 2395; x_wconf 88' lang='grc' dir='ltr'><strong>σὺ</strong></span> <span class='ocrx_word' id='word_1_112' title='bbox 433 2333 491 2411; x_wconf 81' lang='grc' dir='ltr'><strong>μὲν</strong></span> <span class='ocrx_word' id='word_1_113' title='bbox 513 2332 552 2395; x_wconf 89' lang='grc' dir='ltr'><strong>τὰ</strong></span> <span class='ocrx_word' id='word_1_114' title='bbox 574 2331 688 2409; x_wconf 83' lang='grc' dir='ltr'>νέρθεν</span> <span class='ocrx_word' id='word_1_115' title='bbox 711 2330 846 2410; x_wconf 84' lang='grc' dir='ltr'>εὐτρεπῆ</span> <span class='ocrx_word' id='word_1_116' title='bbox 870 2336 975 2415; x_wconf 83' lang='grc' dir='ltr'>ποιοῦ,</span> <span class='ocrx_word' id='word_1_117' title='bbox 998 2332 1091 2409; x_wconf 90' lang='grc' dir='ltr'>γύναι</span> 
     </span>
     <span class='ocr_line' id='line_1_17' title="bbox 198 2435 1293 2512; baseline 0.003 -20"><span class='ocrx_word' id='word_1_118' title='bbox 198 2437 367 2494; x_wconf 86' lang='lat' dir='ltr'><strong>rationibus</strong></span> <span class='ocrx_word' id='word_1_119' title='bbox 388 2435 593 2511; x_wconf 87' lang='lat' dir='ltr'><strong>grammaticis</strong></span> <span class='ocrx_word' id='word_1_120' title='bbox 615 2453 684 2492; x_wconf 89' lang='lat' dir='ltr'><strong>cum</strong></span> <span class='ocrx_word' id='word_1_121' title='bbox 701 2435 786 2492; x_wconf 87' lang='lat' dir='ltr'><strong>Fixio</strong></span> <span class='ocrx_word' id='word_1_122' title='bbox 809 2436 852 2492; x_wconf 88' lang='lat' dir='ltr'><strong>ita</strong></span> <span class='ocrx_word' id='word_1_123' title='bbox 874 2445 1041 2494; x_wconf 88' lang='lat' dir='ltr'><strong>vertemus:</strong></span> <span class='ocrx_word' id='word_1_124' title='bbox 1067 2438 1135 2506; x_wconf 91' lang='lat' dir='ltr'><strong>„Tu</strong></span> <span class='ocrx_word' id='word_1_125' title='bbox 1159 2439 1293 2512; x_wconf 89' lang='lat' dir='ltr'><strong>quidem,</strong></span> 
     </span>
     <span class='ocr_line' id='line_1_18' title="bbox 198 2536 1294 2613; baseline 0.003 -20"><span class='ocrx_word' id='word_1_126' title='bbox 198 2538 314 2605; x_wconf 92' lang='lat' dir='ltr'><strong>mulier,</strong></span> <span class='ocrx_word' id='word_1_127' title='bbox 342 2555 421 2613; x_wconf 91' lang='lat' dir='ltr'><strong>quae</strong></span> <span class='ocrx_word' id='word_1_128' title='bbox 445 2538 486 2594; x_wconf 92' lang='lat' dir='ltr'><strong>ad</strong></span> <span class='ocrx_word' id='word_1_129' title='bbox 509 2536 621 2593; x_wconf 88' lang='lat' dir='ltr'><strong>inferos</strong></span> <span class='ocrx_word' id='word_1_130' title='bbox 648 2538 810 2610; x_wconf 85' lang='lat' dir='ltr'><strong>pertinent,</strong></span> <span class='ocrx_word' id='word_1_131' title='bbox 833 2539 1009 2611; x_wconf 86' lang='lat' dir='ltr'><strong>expedito.“</strong></span> <span class='ocrx_word' id='word_1_132' title='bbox 1047 2539 1171 2595; x_wconf 89' lang='lat' dir='ltr'><strong>Frustra</strong></span> <span class='ocrx_word' id='word_1_133' title='bbox 1191 2548 1294 2597; x_wconf 87' lang='lat' dir='ltr'><strong>autem</strong></span> 
     </span>
     <span class='ocr_line' id='line_1_19' title="bbox 196 2634 1294 2713; baseline 0.005 -19"><span class='ocrx_word' id='word_1_134' title='bbox 196 2654 337 2712; x_wconf 86' lang='lat' dir='ltr'><strong>quaeres,</strong></span> <span class='ocrx_word' id='word_1_135' title='bbox 360 2639 506 2712; x_wconf 89' lang='lat' dir='ltr'><strong>quidnam</strong></span> <span class='ocrx_word' id='word_1_136' title='bbox 529 2636 709 2711; x_wconf 92' lang='lat' dir='ltr'><strong>Amphitruo</strong></span> <span class='ocrx_word' id='word_1_137' title='bbox 731 2637 888 2710; x_wconf 90' lang='lat' dir='ltr'><strong>Megaram</strong></span> <span class='ocrx_word' id='word_1_138' title='bbox 916 2638 1021 2694; x_wconf 85' lang='lat' dir='ltr'><strong>iubeat</strong></span> <span class='ocrx_word' id='word_1_139' title='bbox 1043 2634 1195 2713; x_wconf 81' lang='grc' dir='ltr'>εὐτρεπὲς</span> <span class='ocrx_word' id='word_1_140' title='bbox 1225 2656 1294 2700; x_wconf 85' lang='grc' dir='ltr'>ποι-</span> 
     </span>
     <span class='ocr_line' id='line_1_20' title="bbox 198 2734 1292 2814; baseline -0.003 -16"><span class='ocrx_word' id='word_1_141' title='bbox 198 2738 310 2799; x_wconf 84' lang='grc' dir='ltr'>εῖσθαι.</span> <span class='ocrx_word' id='word_1_142' title='bbox 354 2738 432 2797; x_wconf 92' lang='lat' dir='ltr'><strong>Nam</strong></span> <span class='ocrx_word' id='word_1_143' title='bbox 453 2736 492 2799; x_wconf 87' lang='grc' dir='ltr'><strong>τὰ</strong></span> <span class='ocrx_word' id='word_1_144' title='bbox 515 2735 638 2814; x_wconf 85' lang='grc' dir='ltr'>νέρθεν,</span> <span class='ocrx_word' id='word_1_145' title='bbox 671 2738 699 2798; x_wconf 92' lang='lat' dir='ltr'><strong>h.</strong></span> <span class='ocrx_word' id='word_1_146' title='bbox 722 2757 750 2796; x_wconf 88' lang='lat' dir='ltr'><strong>e.</strong></span> <span class='ocrx_word' id='word_1_147' title='bbox 773 2734 813 2798; x_wconf 90' lang='grc' dir='ltr'><strong>τὰ</strong></span> <span class='ocrx_word' id='word_1_148' title='bbox 834 2735 916 2813; x_wconf 89' lang='grc' dir='ltr'>πρὸς</span> <span class='ocrx_word' id='word_1_149' title='bbox 938 2736 995 2798; x_wconf 89' lang='grc' dir='ltr'><strong>τὸν</strong></span> <span class='ocrx_word' id='word_1_150' title='bbox 1018 2735 1167 2814; x_wconf 80' lang='grc' dir='ltr'>θάνατον,</span> <span class='ocrx_word' id='word_1_151' title='bbox 1202 2741 1292 2814; x_wconf 90' lang='lat' dir='ltr'><strong>plane</strong></span> 
     </span>
     <span class='ocr_line' id='line_1_21' title="bbox 197 2837 1023 2914; baseline 0.001 -20"><span class='ocrx_word' id='word_1_152' title='bbox 197 2839 258 2895; x_wconf 90' lang='lat' dir='ltr'><strong>iam</strong></span> <span class='ocrx_word' id='word_1_153' title='bbox 278 2847 386 2914; x_wconf 88' lang='lat' dir='ltr'><strong>parata</strong></span> <span class='ocrx_word' id='word_1_154' title='bbox 410 2846 489 2906; x_wconf 90' lang='lat' dir='ltr'><strong>sunt,</strong></span> <span class='ocrx_word' id='word_1_155' title='bbox 512 2846 545 2894; x_wconf 89' lang='lat' dir='ltr'><strong>ut</strong></span> <span class='ocrx_word' id='word_1_156' title='bbox 567 2838 634 2912; x_wconf 90' lang='lat' dir='ltr'><strong>ipsa</strong></span> <span class='ocrx_word' id='word_1_157' title='bbox 656 2839 730 2895; x_wconf 90' lang='lat' dir='ltr'><strong>dicit</strong></span> <span class='ocrx_word' id='word_1_158' title='bbox 751 2837 879 2912; x_wconf 88' lang='lat' dir='ltr'><strong>Megara</strong></span> <span class='ocrx_word' id='word_1_159' title='bbox 901 2858 927 2898; x_wconf 90' lang='grc' dir='ltr'><strong>ν.</strong></span> <span class='ocrx_word' id='word_1_160' title='bbox 947 2854 1023 2911; x_wconf 81' lang='lat'><strong>453:</strong></span> 
     </span>
     <span class='ocr_line' id='line_1_22' title="bbox 367 2933 1083 3014; baseline -0.003 -15"><span class='ocrx_word' id='word_1_161' title='bbox 367 2936 464 3014; x_wconf 80' lang='grc' dir='ltr'>ἕτοιμ’</span> <span class='ocrx_word' id='word_1_162' title='bbox 489 2933 578 3011; x_wconf 84' lang='grc' dir='ltr'>ἄγειν</span> <span class='ocrx_word' id='word_1_163' title='bbox 600 2935 640 2998; x_wconf 94' lang='grc' dir='ltr'><strong>τὰ</strong></span> <span class='ocrx_word' id='word_1_164' title='bbox 663 2933 773 3012; x_wconf 87' lang='grc' dir='ltr'>θύματ’</span> <span class='ocrx_word' id='word_1_165' title='bbox 798 2933 843 3012; x_wconf 88' lang='grc' dir='ltr'><strong>εἰς</strong></span> <span class='ocrx_word' id='word_1_166' title='bbox 865 2933 975 2998; x_wconf 80' lang='grc' dir='ltr'>Ἅιδου</span> <span class='ocrx_word' id='word_1_167' title='bbox 998 2935 1083 2999; x_wconf 76' lang='grc' dir='ltr'>τάδε.</span> 
     </span>
    </p>

    <p class='ocr_par' dir='ltr' id='par_1_4' title="bbox 132 3018 1295 4222">
     <span class='ocr_line' id='line_1_23' title="bbox 200 3018 1293 3114; baseline 0.001 -18"><span class='ocrx_word' id='word_1_168' title='bbox 200 3033 295 3111; x_wconf 87' lang='lat' dir='ltr'><strong>Quod</strong></span> <span class='ocrx_word' id='word_1_169' title='bbox 328 3041 388 3099; x_wconf 91' lang='lat' dir='ltr'><strong>iam</strong></span> <span class='ocrx_word' id='word_1_170' title='bbox 422 3041 540 3097; x_wconf 91' lang='lat' dir='ltr'><strong>dudum</strong></span> <span class='ocrx_word' id='word_1_171' title='bbox 573 3040 787 3096; x_wconf 87' lang='lat' dir='ltr'><strong>animadvertit</strong></span> <span class='ocrx_word' id='word_1_172' title='bbox 819 3018 1010 3114; x_wconf 89' lang='lat' dir='ltr'><strong>Musgravius</strong></span> <span class='ocrx_word' id='word_1_173' title='bbox 1043 3037 1131 3114; x_wconf 89' lang='lat' dir='ltr'><strong>(edit.</strong></span> <span class='ocrx_word' id='word_1_174' title='bbox 1166 3039 1293 3098; x_wconf 81' lang='lat' dir='ltr'><strong>Barnes</strong></span> 
     </span>
     <span class='ocr_line' id='line_1_24' title="bbox 198 3137 1293 3218; baseline 0.002 -22"><span class='ocrx_word' id='word_1_175' title='bbox 198 3143 256 3199; x_wconf 89' lang='lat' dir='ltr'><strong>vol.</strong></span> <span class='ocrx_word' id='word_1_176' title='bbox 272 3141 315 3198; x_wconf 92' lang='grc' dir='ltr'><strong>ΙΠ</strong></span> <span class='ocrx_word' id='word_1_177' title='bbox 336 3160 365 3216; x_wconf 90' lang='grc' dir='ltr'><strong>ρ.</strong></span> <span class='ocrx_word' id='word_1_178' title='bbox 381 3137 464 3218; x_wconf 82' lang='grc'>602),</span> <span class='ocrx_word' id='word_1_179' title='bbox 487 3142 560 3197; x_wconf 91' lang='lat' dir='ltr'><strong>dum</strong></span> <span class='ocrx_word' id='word_1_180' title='bbox 583 3141 694 3197; x_wconf 88' lang='lat' dir='ltr'><strong>conicit</strong></span> <span class='ocrx_word' id='word_1_181' title='bbox 726 3141 921 3197; x_wconf 89' lang='lat' dir='ltr'><strong>scribendum</strong></span> <span class='ocrx_word' id='word_1_182' title='bbox 955 3158 1024 3198; x_wconf 89' lang='lat' dir='ltr'><strong>esse</strong></span> <span class='ocrx_word' id='word_1_183' title='bbox 1052 3137 1167 3214; x_wconf 83' lang='grc' dir='ltr'>εὐμενῆ</span> <span class='ocrx_word' id='word_1_184' title='bbox 1190 3140 1293 3200; x_wconf 82' lang='grc' dir='ltr'>ποιοῦ.</span> 
     </span>
     <span class='ocr_line' id='line_1_25' title="bbox 198 3241 1293 3316; baseline -0.002 -17"><span class='ocrx_word' id='word_1_185' title='bbox 198 3243 239 3300; x_wconf 90' lang='lat' dir='ltr'><strong>Et</strong></span> <span class='ocrx_word' id='word_1_186' title='bbox 262 3243 461 3300; x_wconf 89' lang='lat' dir='ltr'><strong>certissimum</strong></span> <span class='ocrx_word' id='word_1_187' title='bbox 496 3249 543 3298; x_wconf 90' lang='lat' dir='ltr'><strong>est</strong></span> <span class='ocrx_word' id='word_1_188' title='bbox 576 3249 629 3298; x_wconf 89' lang='lat' dir='ltr'><strong>aut</strong></span> <span class='ocrx_word' id='word_1_189' title='bbox 650 3241 730 3298; x_wconf 91' lang='lat' dir='ltr'><strong>hanc</strong></span> <span class='ocrx_word' id='word_1_190' title='bbox 761 3241 968 3299; x_wconf 87' lang='lat' dir='ltr'><strong>coniecturam</strong></span> <span class='ocrx_word' id='word_1_191' title='bbox 992 3259 1060 3298; x_wconf 89' lang='lat' dir='ltr'><strong>esse</strong></span> <span class='ocrx_word' id='word_1_192' title='bbox 1083 3243 1293 3316; x_wconf 89' lang='lat' dir='ltr'><strong>accipiendam</strong></span> 
     </span>
     <span class='ocr_line' id='line_1_26' title="bbox 198 3341 1294 3417; baseline -0.005 -15"><span class='ocrx_word' id='word_1_193' title='bbox 198 3352 251 3402; x_wconf 88' lang='lat' dir='ltr'><strong>aut</strong></span> <span class='ocrx_word' id='word_1_194' title='bbox 275 3353 373 3402; x_wconf 89' lang='lat' dir='ltr'><strong>totum</strong></span> <span class='ocrx_word' id='word_1_195' title='bbox 395 3361 515 3400; x_wconf 91' lang='lat' dir='ltr'><strong>versum</strong></span> <span class='ocrx_word' id='word_1_196' title='bbox 549 3360 618 3399; x_wconf 92' lang='lat' dir='ltr'><strong>esse</strong></span> <span class='ocrx_word' id='word_1_197' title='bbox 650 3343 824 3401; x_wconf 90' lang='lat' dir='ltr'><strong>delendum.</strong></span> <span class='ocrx_word' id='word_1_198' title='bbox 868 3341 944 3399; x_wconf 92' lang='lat' dir='ltr'><strong>Mihi</strong></span> <span class='ocrx_word' id='word_1_199' title='bbox 978 3343 1102 3417; x_wconf 91' lang='lat' dir='ltr'><strong>quidem</strong></span> <span class='ocrx_word' id='word_1_200' title='bbox 1135 3343 1294 3398; x_wconf 88' lang='lat' dir='ltr'><strong>verisimile</strong></span> 
     </span>
     <span class='ocr_line' id='line_1_27' title="bbox 198 3442 1294 3518; baseline -0.004 -17"><span class='ocrx_word' id='word_1_201' title='bbox 198 3454 245 3502; x_wconf 91' lang='lat' dir='ltr'><strong>est</strong></span> <span class='ocrx_word' id='word_1_202' title='bbox 268 3446 362 3503; x_wconf 88' lang='lat' dir='ltr'><strong>talem</strong></span> <span class='ocrx_word' id='word_1_203' title='bbox 384 3463 504 3501; x_wconf 90' lang='lat' dir='ltr'><strong>versum</strong></span> <span class='ocrx_word' id='word_1_204' title='bbox 526 3445 623 3518; x_wconf 85' lang='lat' dir='ltr'><strong>magis</strong></span> <span class='ocrx_word' id='word_1_205' title='bbox 646 3444 767 3518; x_wconf 89' lang='lat' dir='ltr'><strong>placide</strong></span> <span class='ocrx_word' id='word_1_206' title='bbox 790 3444 975 3518; x_wconf 88' lang='lat' dir='ltr'><strong>disputantis</strong></span> <span class='ocrx_word' id='word_1_207' title='bbox 992 3442 1038 3498; x_wconf 89' lang='lat' dir='ltr'><strong>vel</strong></span> <span class='ocrx_word' id='word_1_208' title='bbox 1057 3443 1210 3499; x_wconf 91' lang='lat' dir='ltr'><strong>irridentis</strong></span> <span class='ocrx_word' id='word_1_209' title='bbox 1226 3459 1294 3498; x_wconf 89' lang='lat' dir='ltr'><strong>esse</strong></span> 
     </span>
     <span class='ocr_line' id='line_1_28' title="bbox 197 3543 1293 3619; baseline -0.003 -18"><span class='ocrx_word' id='word_1_210' title='bbox 197 3563 289 3619; x_wconf 91' lang='lat' dir='ltr'><strong>quam</strong></span> <span class='ocrx_word' id='word_1_211' title='bbox 311 3546 508 3603; x_wconf 88' lang='lat' dir='ltr'><strong>vehementer</strong></span> <span class='ocrx_word' id='word_1_212' title='bbox 533 3545 704 3618; x_wconf 90' lang='lat' dir='ltr'><strong>acriterque</strong></span> <span class='ocrx_word' id='word_1_213' title='bbox 729 3546 852 3602; x_wconf 84' lang='lat' dir='ltr'><strong>orantis</strong></span> <span class='ocrx_word' id='word_1_214' title='bbox 900 3543 1109 3614; x_wconf 89' lang='lat' dir='ltr'><strong>Quamobrem</strong></span> <span class='ocrx_word' id='word_1_215' title='bbox 1130 3562 1187 3619; x_wconf 93' lang='lat' dir='ltr'><strong>pro</strong></span> <span class='ocrx_word' id='word_1_216' title='bbox 1210 3552 1293 3600; x_wconf 87' lang='lat' dir='ltr'><strong>certo</strong></span> 
     </span>
     <span class='ocr_line' id='line_1_29' title="bbox 132 3644 1295 3720; baseline -0.003 -18"><span class='ocrx_word' id='word_1_217' title='bbox 132 3651 135 3658; x_wconf 85' lang='grc'><em>“</em></span> <span class='ocrx_word' id='word_1_218' title='bbox 196 3664 296 3720; x_wconf 90' lang='lat' dir='ltr'><strong>paene</strong></span> <span class='ocrx_word' id='word_1_219' title='bbox 320 3647 411 3713; x_wconf 92' lang='lat' dir='ltr'><strong>duco,</strong></span> <span class='ocrx_word' id='word_1_220' title='bbox 433 3646 599 3720; x_wconf 88' lang='lat' dir='ltr'><strong>genuinam</strong></span> <span class='ocrx_word' id='word_1_221' title='bbox 620 3644 708 3700; x_wconf 90' lang='lat' dir='ltr'><strong>huius</strong></span> <span class='ocrx_word' id='word_1_222' title='bbox 725 3661 858 3701; x_wconf 88' lang='lat' dir='ltr'><strong>scaenae</strong></span> <span class='ocrx_word' id='word_1_223' title='bbox 882 3645 941 3700; x_wconf 91' lang='lat' dir='ltr'><strong>vim</strong></span> <span class='ocrx_word' id='word_1_224' title='bbox 964 3653 995 3700; x_wconf 87' lang='lat' dir='ltr'><strong>et</strong></span> <span class='ocrx_word' id='word_1_225' title='bbox 1018 3645 1192 3701; x_wconf 91' lang='lat' dir='ltr'><strong>violentiam</strong></span> <span class='ocrx_word' id='word_1_226' title='bbox 1215 3646 1295 3718; x_wconf 90' lang='lat' dir='ltr'><strong>rapi·</strong></span> 
     </span>
     <span class='ocr_line' id='line_1_30' title="bbox 198 3743 1295 3819; baseline -0.002 -18"><span class='ocrx_word' id='word_1_227' title='bbox 198 3746 333 3819; x_wconf 91' lang='lat' dir='ltr'><strong>dumque</strong></span> <span class='ocrx_word' id='word_1_228' title='bbox 356 3745 503 3802; x_wconf 88' lang='lat' dir='ltr'><strong>sermonis</strong></span> <span class='ocrx_word' id='word_1_229' title='bbox 519 3761 641 3801; x_wconf 89' lang='lat' dir='ltr'><strong>cursum</strong></span> <span class='ocrx_word' id='word_1_230' title='bbox 658 3743 886 3818; x_wconf 89' lang='lat' dir='ltr'><strong>interpolatoris</strong></span> <span class='ocrx_word' id='word_1_231' title='bbox 910 3743 1079 3800; x_wconf 90' lang='lat' dir='ltr'><strong>artificiosis</strong></span> <span class='ocrx_word' id='word_1_232' title='bbox 1101 3744 1295 3800; x_wconf 89' lang='lat' dir='ltr'><strong>additamen-</strong></span> 
     </span>
     <span class='ocr_line' id='line_1_31' title="bbox 197 3843 1294 3921; baseline -0.003 -18"><span class='ocrx_word' id='word_1_233' title='bbox 197 3846 235 3903; x_wconf 88' lang='lat' dir='ltr'><strong>tis</strong></span> <span class='ocrx_word' id='word_1_234' title='bbox 257 3863 380 3921; x_wconf 91' lang='lat' dir='ltr'><strong>prorsus</strong></span> <span class='ocrx_word' id='word_1_235' title='bbox 403 3845 538 3920; x_wconf 89' lang='lat' dir='ltr'><strong>periisse.</strong></span> <span class='ocrx_word' id='word_1_236' title='bbox 571 3844 618 3901; x_wconf 90' lang='lat' dir='ltr'><strong>Ita</strong></span> <span class='ocrx_word' id='word_1_237' title='bbox 642 3844 723 3900; x_wconf 89' lang='lat' dir='ltr'><strong>enim</strong></span> <span class='ocrx_word' id='word_1_238' title='bbox 745 3851 839 3918; x_wconf 92' lang='lat' dir='ltr'><strong>poeta</strong></span> <span class='ocrx_word' id='word_1_239' title='bbox 860 3844 935 3917; x_wconf 88' lang='lat' dir='ltr'><strong>ipse,</strong></span> <span class='ocrx_word' id='word_1_240' title='bbox 967 3843 1024 3899; x_wconf 92' lang='lat' dir='ltr'><strong>nisi</strong></span> <span class='ocrx_word' id='word_1_241' title='bbox 1048 3843 1143 3912; x_wconf 89' lang='lat' dir='ltr'><strong>sallor,</strong></span> <span class='ocrx_word' id='word_1_242' title='bbox 1167 3861 1230 3900; x_wconf 90' lang='lat' dir='ltr'><strong>rem</strong></span> <span class='ocrx_word' id='word_1_243' title='bbox 1249 3845 1294 3900; x_wconf 90' lang='lat' dir='ltr'><strong>in·</strong></span> 
     </span>
     <span class='ocr_line' id='line_1_32' title="bbox 197 3944 1294 4021; baseline -0.002 -19"><span class='ocrx_word' id='word_1_244' title='bbox 197 3947 346 4015; x_wconf 87' lang='lat' dir='ltr'><strong>stituerat,</strong></span> <span class='ocrx_word' id='word_1_245' title='bbox 380 3955 413 4004; x_wconf 92' lang='lat' dir='ltr'><strong>ut</strong></span> <span class='ocrx_word' id='word_1_246' title='bbox 445 3946 635 4021; x_wconf 91' lang='lat' dir='ltr'><strong>Amphitru0,</strong></span> <span class='ocrx_word' id='word_1_247' title='bbox 669 3953 833 4020; x_wconf 91' lang='lat' dir='ltr'><strong>postquam</strong></span> <span class='ocrx_word' id='word_1_248' title='bbox 866 3945 993 4019; x_wconf 86' lang='lat' dir='ltr'><strong>Megara</strong></span> <span class='ocrx_word' id='word_1_249' title='bbox 1021 3963 1047 4003; x_wconf 75' lang='lat' dir='ltr'><strong>v,</strong></span> <span class='ocrx_word' id='word_1_250' title='bbox 1071 3960 1132 4018; x_wconf 77' lang='lat'><strong>494</strong></span> <span class='ocrx_word' id='word_1_251' title='bbox 1154 3944 1294 4001; x_wconf 91' lang='lat' dir='ltr'><strong>Herculis</strong></span> 
     </span>
     <span class='ocr_line' id='line_1_33' title="bbox 196 4046 1294 4120; baseline -0.002 -17"><span class='ocrx_word' id='word_1_252' title='bbox 196 4048 421 4104; x_wconf 89' lang='lat' dir='ltr'><strong>invocationem</strong></span> <span class='ocrx_word' id='word_1_253' title='bbox 449 4049 608 4116; x_wconf 88' lang='lat' dir='ltr'><strong>conclusit,</strong></span> <span class='ocrx_word' id='word_1_254' title='bbox 643 4047 744 4103; x_wconf 88' lang='lat' dir='ltr'><strong>statim</strong></span> <span class='ocrx_word' id='word_1_255' title='bbox 779 4046 928 4120; x_wconf 90' lang='lat' dir='ltr'><strong>inciperet</strong></span> <span class='ocrx_word' id='word_1_256' title='bbox 951 4046 1055 4102; x_wconf 90' lang='lat' dir='ltr'><strong>Iovem</strong></span> <span class='ocrx_word' id='word_1_257' title='bbox 1083 4064 1170 4102; x_wconf 89' lang='lat' dir='ltr'><strong>orare</strong></span> <span class='ocrx_word' id='word_1_258' title='bbox 1201 4053 1294 4119; x_wconf 90' lang='lat' dir='ltr'><strong>atque</strong></span> 
     </span>
     <span class='ocr_line' id='line_1_34' title="bbox 197 4148 676 4222; baseline -0.002 -18"><span class='ocrx_word' id='word_1_259' title='bbox 197 4148 360 4205; x_wconf 87' lang='lat' dir='ltr'><strong>obsecrare</strong></span> <span class='ocrx_word' id='word_1_260' title='bbox 381 4165 489 4205; x_wconf 88' lang='lat' dir='ltr'><strong>manus</strong></span> <span class='ocrx_word' id='word_1_261' title='bbox 512 4164 676 4222; x_wconf 91' lang='lat' dir='ltr'><strong>quassans:</strong></span> 
     </span>
    </p>

    <p class='ocr_par' dir='ltr' id='par_1_5' title="bbox 310 4243 1172 4325">
     <span class='ocr_line' id='line_1_35' title="bbox 310 4243 1172 4325; baseline -0.006 -16"><span class='ocrx_word' id='word_1_262' title='bbox 310 4245 433 4322; x_wconf 68' lang='grc' dir='ltr'>ἐγὼρέ</span> <span class='ocrx_word' id='word_1_263' title='bbox 456 4245 496 4325; x_wconf 82' lang='lat' dir='ltr'><strong>o&#39;,</strong></span> <span class='ocrx_word' id='word_1_264' title='bbox 519 4244 545 4308; x_wconf 83' lang='lat' dir='ltr'><strong>dr</strong></span> <span class='ocrx_word' id='word_1_265' title='bbox 568 4245 643 4323; x_wconf 85' lang='grc' dir='ltr'><strong>Ζεῦ,</strong></span> <span class='ocrx_word' id='word_1_266' title='bbox 666 4248 742 4323; x_wconf 84' lang='grc' dir='ltr'>χεῖρ’</span> <span class='ocrx_word' id='word_1_267' title='bbox 767 4245 801 4322; x_wconf 84' lang='grc' dir='ltr'><strong>ἐς</strong></span> <span class='ocrx_word' id='word_1_268' title='bbox 824 4243 965 4322; x_wconf 88' lang='grc' dir='ltr'>οὐρανὸν</span> <span class='ocrx_word' id='word_1_269' title='bbox 988 4243 1085 4307; x_wconf 84' lang='grc' dir='ltr'>δικών</span> <span class='ocrx_word' id='word_1_270' title='bbox 1109 4246 1172 4307; x_wconf 87' lang='grc' dir='ltr'>κτλ.</span> 
     </span>
    </p>
   </div>
   <div class='ocr_carea' id='block_1_3' title="bbox 0 0 1500 4920">
    <p class='ocr_par' dir='ltr' id='par_1_6' title="bbox 0 0 1500 4920">
     <span class='ocr_line' id='line_1_36' title="bbox 0 0 1500 4920; baseline 0 0"><span class='ocrx_word' id='word_1_271' title='bbox 0 0 1500 4920; x_wconf 95' lang='lat' dir='ltr'><strong> </strong></span> 
     </span>
    </p>
   </div>
  </div>
 </body>
</html>
