2992 4920
764 365 798 421 44

232 524 343 608 ὥσπερ
365 527 494 608 πτερόν.
540 531 588 588 De
621 531 688 606 ipso
723 530 848 605 quidem
870 530 1019 588 vocabulo
1041 528 1161 608 πτερόν
1185 549 1243 608 ego
1266 547 1330 590 non

236 634 417 708 disputabo:
451 632 580 690 sufficiat
608 631 680 689 mibi
710 630 885 688 adscribere
907 630 999 690 Herc.
1023 629 1199 706 653—654‚
1221 634 1331 708 quibus

236 742 380 791 senectus
413 735 602 808 vituperatur
633 752 651 789 a
681 731 805 789 senibus
829 730 1002 788 Thebanis:
1030 726 1112 792 ἀλλὰ
1141 726 1209 793 κατ’
1232 728 1330 808 αἰθέρ’

235 829 285 894 ἀεὶ
306 833 451 909 πτεροῖσι
474 829 650 909 φορείσθω,
673 832 818 906 quoniam
841 832 982 889 conicere
1013 832 1084 890 licet
1112 842 1235 908 praeter
1256 834 1330 892 alios

235 935 320 992 locos
343 935 425 991 hunc
447 951 570 1008 quoque
592 935 623 989 in
645 950 733 989 suum
754 949 843 989 usum
864 933 1050 990 convertisse
1071 933 1329 1008 interpolatorem.

233 1035 298 1091 Nos
321 1042 424 1091 autem
449 1053 495 1091 eo
526 1034 685 1090 molestius
717 1033 840 1089 ferimus
866 1028 977 1107 ὥσπερ
999 1029 1127 1108 πτερόν,
1150 1017 1217 1108 quo¹
1234 1035 1331 1109 magis

235 1142 282 1192 est
315 1135 442 1192 dubium
475 1144 507 1192 et
538 1136 699 1204 incertum,
731 1137 871 1210 quisnam
904 1135 1090 1210 significetur
1120 1154 1174 1210 per
1202 1132 1331 1211 πτερόν,

234 1244 335 1292 utrum
357 1231 435 1310 τύχη
460 1255 499 1292 an
522 1237 588 1312 ipse
610 1236 801 1311 Amphitruo.
824 1236 903 1292 Nam
925 1238 1037 1293 eodem
1062 1237 1126 1293 iure
1143 1245 1236 1311 atque
1251 1233 1329 1314 τύχη

215 1322 301 1411 'ipsa
323 1334 383 1407 (vel
406 1332 505 1413 ὄλβος
527 1338 574 1393 vel
597 1337 709 1394 similes
732 1333 897 1411 dictiones)
920 1336 944 1393 is
966 1338 1017 1411 qui
1039 1336 1104 1394 fato
1127 1338 1241 1412 rapitur
1267 1338 1330 1394 avis

234 1436 368 1511 imagine
393 1438 582 1508 describitur,
606 1447 639 1494 ut
662 1456 699 1494 ex
722 1439 765 1495 eis
788 1438 873 1506 locis,
901 1455 978 1512 quos
1001 1438 1061 1494 iam
1084 1456 1174 1512 supra
1198 1456 1331 1495 comme·

233 1538 426 1608 moravimus‚
450 1540 524 1596 satis
546 1546 686 1613 apparet:
709 1537 832 1612 Hippoi.
857 1558 883 1597 v.
900 1538 960 1596 828
976 1556 1037 1614 sq.:

383 1651 472 1731 ὄρνις
496 1652 557 1731 γὰρ
579 1652 626 1730 ὥς
647 1671 695 1729 τις
718 1651 752 1714 ἐκ
775 1655 879 1731 χερῶν
903 1651 1050 1731 ἄφαντος
1073 1651 1110 1724 εἶ,

383 1753 499 1832 πήδημ’
523 1754 558 1831 ές
580 1751 690 1816 Ἅιδου
712 1753 867 1831 κραιπνὸν
890 1752 1063 1832 ὁρμήσασα
1086 1775 1147 1831 μοι.

235 1865 265 1912 et
289 1856 381 1931 Sopb.
404 1856 483 1916 Oed.
508 1857 544 1916 R.
573 1873 628 1932 175
646 1875 705 1932 sq.:

336 1952 437 2019 ἄλλον
460 1956 487 2017 b'
511 1954 550 2018 ἂν
574 1953 662 2038 ἄλλῳ
685 1954 855 2033 προσῖδοις
878 1953 959 2033 ἅπερ
983 1954 1139 2033 εὔπτερον
1162 1953 1251 2032 ὄρνιν

335 2058 488 2133 κρεῖσσον
511 2054 727 2133 ἀμαιμακέτου
749 2056 853 2134 πυρὸς
875 2054 1014 2134 ὄρμενον

335 2155 435 2221 ἀκτὰν
457 2156 539 2235 πρὸς
562 2156 703 2235 ἑσπέραν
727 2160 813 2221 θεοῦ.

238 2287 445 2360 Quamobrem
478 2289 677 2364 probaremus
708 2291 917 2347 coniecturam
938 2288 1090 2364 Hartungi
1111 2285 1241 2362 πτεροῖς
1261 2284 1333 2342 scri·

236 2388 347 2457 bentis,
369 2391 426 2446 nisi
449 2398 531 2446 totus
553 2391 648 2459 locus,
671 2392 723 2465 qui
745 2409 782 2446 ex
805 2390 1017 2447 diversissimis
1041 2388 1224 2446 dictionibus
1245 2386 1332 2442 Euri-

236 2489 335 2563 pidcis
358 2490 508 2546 conflatus
531 2500 588 2558 est,
610 2492 745 2564 putidior
767 2500 849 2548 esset
873 2509 965 2566 quam
996 2491 1047 2565 qui
1070 2488 1223 2562 exipsius
1244 2486 1332 2542 Euri-

237 2590 317 2664 pidis
341 2591 465 2665 ingenio
488 2592 638 2665 prodiisse
660 2594 882 2650 existimaretur
899 2589 932 2669 ¹).

339 2861 363 2927 1)
384 2863 446 2910 Non
470 2863 588 2911 reticebo
617 2879 658 2912 me
690 2864 796 2912 omnino
823 2864 981 2929 improbare,
1009 2879 1077 2928 quae
1099 2861 1167 2912 Wil.
1186 2862 1221 2910 A.
1241 2878 1266 2927 p.
1282 2873 1330 2925 233

239 2950 329 2998 statuit
348 2950 382 2998 de
400 2950 521 2999 versibus
540 2951 687 3015 517-518.
724 2953 793 3000 Nam
820 2969 843 3002 v.
859 2952 909 3014 518
938 2967 986 3000 suo
1012 2952 1068 3000 inre
1087 2950 1260 3015 Euripideum
1279 2966 1333 2998 non

237 3053 297 3086 esse
325 3037 452 3086 iudicavit
470 3040 623 3101 Hartungus
651 3045 760 3104 propter
786 3041 879 3088 mirum
907 3056 983 3088 usum
1009 3040 1083 3088 verbi
1107 3036 1241 3104 κηραίνω,
1260 3037 1333 3103 quod

235 3126 307 3175 idem
326 3125 396 3174 valet
415 3127 484 3190 apud
503 3127 658 3192 Euripidem
686 3130 758 3193 quod
787 3129 943 3178 Latinorum
970 3128 1072 3177 ‘animo
1102 3126 1212 3190 agitare’
1238 3125 1281 3175 vel
1306 3133 1334 3174 ut

236 3214 361 3263 Plautino
389 3220 447 3262 utar
471 3215 562 3272 verbo,
590 3214 631 3263 ‘iu
651 3216 731 3264 corde
749 3216 875 3267 vorsare'.
912 3217 965 3266 Sed
985 3217 1114 3282 quidquid
1135 3216 1278 3265 sentiemus
1299 3215 1332 3263 de

236 3320 260 3352 v.
276 3303 335 3367 518,
364 3308 433 3351 certe
461 3302 535 3350 nulla
563 3311 603 3352 est
630 3320 717 3362 causa,
746 3321 792 3353 cur
809 3323 833 3356 v.
850 3317 899 3369 517
919 3305 1110 3371 Amphitruoni
1138 3305 1276 3363 tribuatur,
1300 3303 1333 3354 cf.

235 3389 308 3454 Cycl.
328 3408 351 3440 v.
366 3389 388 3441 8.
426 3391 495 3438 Nam
514 3390 657 3455 Euripides
682 3393 789 3442 minime
815 3394 837 3442 is
858 3402 906 3453 est,
926 3395 971 3458 qui
990 3394 1026 3442 ita
1043 3401 1072 3442 ut
1089 3392 1157 3443 Wil.
1178 3393 1256 3441 nobis
1275 3407 1334 3457 per-

235 3479 346 3527 suadere
364 3477 422 3526 vult
442 3477 571 3527 ‘orationi
589 3482 637 3544 pei
658 3495 771 3529 summas
791 3474 936 3530 animorum
954 3481 1166 3547 perturbationes
1187 3481 1334 3529 concitatae

236 3566 343 3615 aculeos
363 3566 483 3618 inserat’.
515 3569 573 3616 Hac
602 3569 730 3617 sententia
758 3570 830 3618 ducti
850 3571 928 3620 etiam
947 3577 1122 3634 exsequente
1142 3585 1237 3618 scaena
1257 3569 1334 3616 eicie·

235 3669 292 3702 mus
311 3670 335 3704 v.
356 3655 508 3717 536-537:
866 3660 868 3665 '

435 3741 469 3793 τὸ
487 3744 557 3806 θῆλυ
576 3742 630 3807 γάρ
647 3758 708 3805 πως
727 3747 832 3808 μᾶλλον
851 3743 962 3810 οἰκτρὸν
982 3742 1117 3809 ἀρσένων,

434 3831 479 3881 καὶ
498 3829 562 3894 τᾶμ’
582 3831 700 3898 ἔθνῃσκε
719 3831 802 3898 τέκν’,
822 3833 994 3897 ἀπωλλύμην
1014 3832 1038 3883 δ’
1060 3832 1125 3895 ἐγὼ.

235 3919 280 3968 An
307 3919 459 3984 putabimus
488 3927 593 3984 poetam
622 3921 834 3985 τραγικώτατον
863 3922 905 3970 his
925 3921 1047 3987 insipidis
1067 3920 1188 3970 versibus
1208 3926 1333 3969 nontam

236 4009 372 4070 Megaram
391 4024 469 4072 quarn
490 4023 518 4057 se
537 4008 623 4073 ipsum
641 4009 751 4058 irridere
771 4010 904 4059 voluisse?
932 4010 1056 4059 Continet
1083 4016 1169 4057 antem
1188 4025 1211 4059 v.
1227 4009 1277 4072 536
1297 4024 1335 4057 sa·

237 4095 363 4160 pientiam
382 4095 416 4143 de
443 4095 520 4144 trivio
541 4102 670 4161 sumptam
690 4104 716 4145 et
733 4114 757 4148 v.
774 4109 823 4161 537
844 4098 920 4147 fictus
939 4099 1044 4149 videtur
1062 4114 1077 4146 e
1098 4113 1121 4148 v.
1136 4109 1187 4158 492
1202 4104 1262 4147 etv.
1276 4109 1334 4161 550,

237 4183 270 4235 cs.
293 4183 370 4232 etiam
390 4199 414 4234 v,
433 4184 486 4232 280
503 4199 541 4247 sq.
580 4184 703 4233 Cetemm
723 4186 757 4233 de
776 4204 799 4236 v.
814 4197 864 4250 537
892 4187 943 4235 iam
970 4186 1130 4235 Schenklius
1158 4185 1189 4252 (l.
1209 4185 1226 4235 l.
1246 4202 1272 4250 p.
1289 4185 1332 4252 16)

236 4277 307 4320 recte
328 4271 462 4322 iudicarit.
