2992 4920
731 373 765 428 29

194 541 285 598 rebus
315 540 442 599 inimicis
476 539 537 613 (vel
571 559 625 616 per
646 537 798 614 inimicos)
830 559 885 616 pro
918 535 1035 598 liberis'
1069 549 1121 598 aut
1145 540 1293 616 -quod

198 643 296 716 magis
330 642 457 700 forsitan
490 642 601 700 falsarii
635 643 739 698 sensui
771 643 960 717 respondeat
984 671 1020 683 -·
1050 658 1120 699 cum
1151 641 1292 700 Reiskio:

199 740 369 799 Luctantur
391 741 526 799 adversis
547 739 685 816 (casibus
708 742 755 799 vel
775 738 961 818 hominibus)
983 741 1023 799 ob
1045 742 1166 810 liberos,
1188 751 1223 799 ut
1238 759 1292 798 eos

196 851 325 902 servent.
350 843 562 903 cf.Animadv.
591 862 620 917 p.
646 842 701 916 165
723 860 768 917 sq.
813 841 891 899 Nam
909 844 937 898 ei
959 850 1069 912 errant,
1100 844 1151 917 qui
1181 851 1292 918 putant

198 944 373 1001 coniectura
391 944 600 1020 Stephaniana
622 945 736 1001 bonum
752 944 842 1000 huius
855 926 1027 1000 sententiae
1049 961 1200 1001 conexum
1223 962 1292 1001 curn

197 1045 296 1100 verbis
320 1062 399 1119 quae
427 1047 618 1120 praecedunt
648 1042 804 1120 (imprimis
832 1063 901 1101 curn
923 1041 1022 1106 δόξαν
1049 1042 1149 1118 κακὴν
1177 1041 1292 1120 λαβόν-

197 1139 270 1218 τας)
293 1147 466 1203 restitutum
487 1163 566 1203 esse.
612 1145 702 1203 Certe
724 1164 788 1202 non
811 1147 908 1203 ausim
931 1164 969 1202 ex
990 1145 1051 1203 hoc
1072 1163 1170 1214 versu,
1201 1146 1293 1202 etiam

197 1245 222 1301 si
245 1239 406 1320 αἰσχροῖσι
428 1247 573 1304 traditum
596 1255 688 1315 esset,
710 1265 780 1303 eam
797 1247 908 1303 elicere
930 1247 1175 1321 explicationem,
1199 1264 1292 1320 quam

197 1345 313 1420 profert
337 1345 536 1404 Wecklinius:
566 1342 686 1404 ‘Claros
714 1347 853 1404 homines
885 1365 949 1404 non
977 1349 1072 1405 modo
1095 1365 1182 1405 suam
1206 1349 1291 1422 igno-

194 1446 318 1503 miniam
341 1464 432 1520 aegre
457 1447 544 1515 ferre,
570 1448 627 1504 sed
650 1447 741 1503 etiam
774 1449 936 1505 liberorum
959 1448 1082 1505 nomine
1117 1449 1232 1517 dolere,
1268 1447 1293 1504 si

195 1549 270 1622 quid
291 1548 330 1605 ab
353 1548 398 1604 his
421 1549 547 1622 turpiter
580 1565 617 1604 ac
639 1548 788 1622 flagitiose
813 1544 889 1605 fiat’.
934 1549 1086 1606 Desinant
1118 1566 1190 1622 ergo
1225 1556 1292 1604 tan-

196 1649 269 1705 dem
300 1649 465 1724 aliquando
500 1650 552 1704 viri
575 1650 659 1705 docti
692 1648 917 1724 interpolatoris
950 1650 1082 1724 ineptias
1116 1650 1292 1706 coniectura

195 1748 402 1824 Stephaniana
424 1751 598 1807 obscurare.
643 1749 721 1806 Nihil
755 1750 838 1807 aliud
860 1750 954 1807 voluit
988 1751 1157 1824 exprimere
1185 1757 1293 1806 auctor

195 1849 283 1906 huius
308 1868 411 1908 versus
432 1851 489 1907 nisi
501 1852 676 1926 generalem
692 1852 877 1908 sententiam
899 1853 939 1907 de
962 1851 1007 1907 eis
1029 1851 1193 1915 laboribus,
1214 1866 1292 1924 quos

197 1950 270 2007 boni
291 1960 434 2025 parentes
464 1969 519 2026 pro
541 1952 641 2008 liberis
664 1952 764 2008 subire
788 1950 933 2020 debeant,
967 1950 1004 2009 cf.
1033 1959 1157 2025 propter
1190 1951 1292 2007 simili·

193 2051 331 2107 tudinem
355 2068 463 2108 sensus
486 2051 550 2125 lph.
573 2053 610 2110 A.
633 2050 813 2126 917-918:

294 2148 401 2212 δεινὸν
423 2148 461 2211 τὸ
484 2147 599 2212 τίκτειν
622 2148 673 2212 καὶ
695 2149 788 2227 φέρει
810 2148 945 2227 φίλτρον
967 2148 1057 2229 μέγα,

295 2248 394 2312 πᾶσίν
416 2268 450 2311 τε
470 2250 580 2312 κοινὸν
601 2246 680 2312 ὥσθ’
702 2248 915 2328 ὑπερκάμνειν
939 2250 1070 2313 τέκνων.

198 2354 306 2428 Neque
328 2363 430 2412 autem
453 2354 531 2411 haee
552 2345 704 2429 generalis
727 2355 881 2411 sententia
902 2362 1010 2411 nostro
1033 2354 1103 2410 loco
1126 2353 1200 2410 mira
1221 2370 1290 2410 esse

197 2463 302 2530 potest
323 2456 368 2512 eis
391 2456 443 2530 qui
464 2455 549 2511 haud
570 2456 721 2529 ignorant,
744 2463 934 2529 quantopere
957 2455 1139 2512 vanissimae
1155 2455 1290 2529 loquaci·

197 2556 252 2612 tati
275 2557 455 2630 indulgeant
476 2555 710 2630 interpolatores
734 2555 890 2629 Euripidei
915 2551 966 2631 (cf.
991 2573 1037 2614 ex.
1059 2574 1103 2630 gr.
1127 2575 1152 2614 ν.
1168 2555 1229 2629 629
1243 2573 1288 2630 sq.

195 2673 213 2712 a
235 2656 397 2714 Wheelero
420 2676 450 2731 p.
473 2655 513 2713 66
536 2674 580 2731 sq.
604 2657 719 2730 optimo
743 2657 807 2712 iure
830 2657 1003 2725 damnatos,
1036 2658 1087 2731 qui
1114 2658 1152 2714 ab
1175 2658 1288 2713 eodem

194 2757 316 2814 homine
340 2758 411 2816 facti
437 2759 586 2827 videntur,
622 2775 724 2831 aquo
753 2765 858 2814 noster
885 2758 969 2814 locus
998 2757 1194 2831 perturbatus
1217 2750 1288 2834 est).

195 2858 258 2915 Sed
278 2878 316 2915 ne
330 2878 356 2918 v.
372 2875 431 2933 294
451 2859 587 2932 quidem,
611 2876 795 2933 quamquam
815 2858 910 2932 primo
923 2859 1032 2914 obtutu
1056 2859 1164 2914 ceteris
1187 2859 1290 2915 sanior

198 2960 326 3028 videtur,
356 2960 525 3017 offensione
553 2968 645 3033 caret,
681 2976 749 3015 cum
776 2977 839 3015 non
868 2960 962 3015 modo
996 2959 1070 3015 satis
1102 2959 1291 3032 ineleganter

197 3060 281 3117 dicta
304 3061 364 3116 sint
389 3060 497 3116 verba:
520 3056 590 3134 ἐμοί
611 3076 646 3119 τε
670 3055 776 3133 μίμημ’
805 3054 924 3133 ἀνδρὸς
947 3055 1006 3118 οὐκ
1029 3053 1210 3134 ἀπωστέον,
1233 3059 1289 3114 sed

197 3162 290 3218 etiam
312 3157 431 3234 μίμημα
456 3161 637 3218 vocabulum
667 3160 743 3217 falso
766 3168 944 3235 usurpatum
967 3161 1014 3219 sit.
1058 3161 1137 3218 Nam
1159 3156 1288 3235 μίμημα,

198 3262 283 3336 quod
306 3263 390 3335 apud
402 3261 584 3336 Aeschylum
607 3262 637 3317 in
660 3261 692 3319 fr.
707 3276 768 3333 354
791 3279 809 3317 a
833 3261 955 3318 Polluce
978 3270 1110 3330 servato,
1133 3262 1215 3336 apud
1237 3261 1292 3318 So-

198 3362 341 3437 phoclem
368 3379 529 3436 nusquam,
563 3365 646 3437 apud
669 3362 845 3437 Euripidem
880 3363 1002 3437 saepius
1037 3364 1196 3432 invenitur,
1229 3380 1293 3418 non

198 3471 260 3520 tam
283 3463 435 3520 actionem
461 3464 608 3536 imitandi,
633 3481 724 3537 quam
747 3464 1031 3538 interpretationem
1054 3482 1081 3521 ν.
1105 3479 1164 3536 294
1187 3471 1292 3537 postu-

198 3540 249 3632 lat,
270 3581 360 3638 quam
376 3563 507 3637 effigiem
530 3564 575 3619 vel
592 3563 819 3620 similitudinem
843 3564 1002 3638 significat,
1025 3582 1105 3638 quae
1123 3564 1292 3620 imitatione

199 3664 282 3722 facta
302 3673 359 3723 est.
414 3664 477 3722 Sed
510 3672 543 3720 ut
576 3665 617 3720 ad
648 3663 737 3720 finem
760 3663 848 3737 huius
878 3665 984 3738 eapitis
1017 3665 1184 3732 veniamus,
1218 3665 1292 3738 quid

196 3766 371 3840 putabimus
406 3764 559 3822 falsarium
594 3774 731 3822 nostrum
766 3765 980 3834 commovisse,
1015 3773 1048 3822 ut
1081 3773 1152 3821 octo
1186 3782 1290 3821 versus

196 3859 391 3944 (287-294)
425 3866 564 3941 Euripidi
598 3862 804 3940 supponeret?
849 3865 980 3923 Primum
1014 3867 1071 3922 nisi
1094 3865 1177 3923 sallor
1199 3867 1291 3922 inter-

197 3967 318 4042 polator
340 3985 480 4025 enarrare
505 3968 651 4025 studebat.
672 3968 808 4042 longiore
829 3968 1021 4042 expositione
1044 3976 1075 4024 et
1097 3975 1291 4040 argumenta·

196 4066 281 4124 tione
303 4071 407 4124 versus
432 4065 607 4139 284—286,
638 4069 725 4141 quasi
759 4085 814 4141 per
846 4068 1000 4124 seminus
1031 4067 1289 4140 intellegerentur,

198 4167 342 4242 imprimis
366 4168 492 4225 alteram
516 4184 621 4224 eorum
642 4175 769 4242 partem.
814 4167 936 4224 Deinde
952 4184 1103 4242 occupare
1125 4167 1219 4224 voluit
1241 4184 1288 4222 re·

197 4267 379 4325 lutationem
401 4269 562 4325 verborum
585 4267 828 4344 Amphitruonis:
