2992 4920
729 355 762 408 39

196 521 228 580 in
255 521 378 597 Hippoi.
402 540 427 580 v.
451 518 522 595 467,
557 519 609 576 ubi
640 515 787 578 ἐκπονεῖν
809 513 879 578 λίαν
906 512 976 593 βίον
1006 517 1289 593 interpretabimur:

196 617 303 682 ‘vitam
325 623 382 680 sibi
404 621 492 679 nimis
515 637 646 695 operose
667 619 813 693 effingere
836 618 883 675 vel
898 617 1059 675 elaborare
1067 612 1085 690 '‚
1108 628 1142 676 ut
1163 620 1194 676 in
1211 621 1291 678 eius·

198 726 270 782 dem
293 724 413 782 fabulae
436 742 462 779 v.
479 720 538 794 632
561 718 732 781 πέπλοισιν
755 716 890 794 ἐκπονεῖ,
914 720 999 794 quod
1022 737 1086 775 non
1102 719 1179 778 falso
1191 723 1290 796 possis

197 833 315 882 vertere
338 817 504 891 ‘exornat’‚
538 830 573 879 ut
605 822 739 895 denique
771 820 802 877 in
836 820 951 880 irinc.
979 819 1067 891 1068,
1094 837 1105 877 1
1143 817 1290 883 ἐκπονεῖν

196 924 359 982 adhibetur
382 926 423 982 de
445 941 519 998 agro
536 923 677 981 colendo.
720 921 755 977 ln
770 912 873 996 Suppl.
903 935 1007 995 v.319
1030 917 1177 983 ἐκπονεῖν
1200 924 1291 980 abso·

200 1025 264 1082 lute
285 1026 400 1083 dictum
425 1026 466 1081 ad
494 1025 564 1082 belli
586 1023 720 1099 pericula
745 1022 881 1091 refertur,
913 1031 946 1079 ut
967 1023 1047 1080 bene
1075 1041 1094 1080 a
1116 1024 1240 1081 Theseo
1264 1044 1290 1083 ν.

196 1141 257 1200 339
281 1134 454 1202 opponatur
476 1121 609 1201 φεύγειν
638 1121 678 1184 τὰ
700 1119 798 1199 δεινά,
822 1141 923 1198 neque
949 1124 1048 1181 minus
1079 1133 1163 1183 recte
1185 1126 1215 1182 in
1238 1124 1290 1186 Or.

198 1246 225 1289 v.
242 1227 303 1301 653
336 1228 420 1284 labor
451 1226 620 1302 pugnandi,
650 1243 741 1299 quem
762 1242 816 1299 pro
839 1224 983 1281 Menelao
1006 1225 1140 1282 subierat
1161 1227 1293 1302 Agame·

194 1347 299 1397 mnon,
322 1329 507 1404 significatur
533 1329 645 1386 verbis:
668 1324 722 1387 σοὶ
742 1329 817 1403 παρ’
841 1321 949 1387 ἀσπίδ’
976 1323 1131 1388 ἐκπονῶν.
1170 1329 1206 1386 ln
1228 1329 1292 1388 lon.

199 1449 225 1489 v.
254 1444 330 1504 1355
365 1425 437 1506 (τὴν
461 1429 622 1490 τεκοῦσαν
645 1424 786 1504 ἐκπόνει)
819 1436 850 1485 et
871 1429 902 1485 in
923 1427 993 1486 Hel.
1019 1448 1045 1489 v.
1076 1445 1154 1503 1514
1176 1423 1290 1504 (ἄλλης

196 1523 325 1588 ἐκπόνει
347 1523 587 1605 μνηστεύματα)
611 1524 757 1588 ἐκπονεῖν
779 1528 863 1584 idem
885 1527 947 1584 iere
961 1530 1105 1602 estquod
1123 1529 1291 1604 exquirere,

198 1631 255 1686 sed
276 1630 341 1687 sine
364 1629 533 1686 offensione
557 1628 638 1686 bunc
662 1645 750 1685 usum
766 1629 971 1685 derivabimus
994 1648 1032 1685 ex
1047 1630 1144 1704 prima
1163 1631 1292 1688 notione

199 1730 386 1789 elaborandi.
431 1729 493 1788 Sed
515 1731 546 1787 in
565 1731 630 1789 lon.
653 1748 679 1789 v.
702 1744 761 1805 375
791 1725 818 1791 εἰ
847 1727 925 1803 τοὺς
952 1727 1048 1804 θεοὺς
1077 1725 1216 1805 ἄκοντας
1243 1728 1292 1792 ἐκ-

196 1829 383 1907 πονήσομεν
406 1827 548 1907 φράζειν,
573 1827 593 1891 ἃ
615 1828 655 1906 μὴ
672 1828 823 1891 θέλουσιν
846 1849 915 1888 cum
930 1841 1081 1889 structura
1093 1833 1186 1901 verbi,
1209 1834 1294 1907 quod

199 1932 395 1991 coniunctum
419 1935 558 1991 videmus
592 1952 660 1991 cum
688 1934 862 1992 accusativo
890 1942 921 1990 et
942 1933 1098 1999 infinitivo,
1129 1935 1294 2008 suspectis·
1370 1948 1374 1956 ·

200 2033 275 2090 sima
298 2043 354 2104 est,
378 2045 443 2092 tum
473 2043 556 2093 totus
580 2036 664 2093 locus
689 2043 737 2091 est
758 2043 821 2091 tam
843 2035 975 2109 ineptus,
1008 2041 1040 2091 ut
1062 2035 1127 2090 sine
1149 2035 1242 2090 dubio
1266 2053 1292 2092 v.

200 2151 364 2212 374-377
387 2137 597 2212 interpolatori
621 2137 681 2193 sint
702 2135 864 2203 tribuendi,
894 2134 929 2193 cf.
952 2144 1043 2192 notas
1056 2135 1292 2194 liadhamianas

199 2238 235 2295 In
257 2246 395 2296 extremo
419 2239 498 2307 loco,
521 2239 573 2313 qui
592 2239 680 2294 nobis
703 2238 883 2294 tractandus
906 2245 962 2305 est,
985 2237 1015 2293 in
1037 2238 1135 2297 Andr.
1157 2256 1183 2296 v.
1205 2252 1292 2310 1052,

199 2340 399 2397 certissimum
421 2348 468 2396 est
506 2339 595 2396 aliam
621 2339 855 2414 explicationem
882 2356 920 2393 ex
948 2339 1114 2395 rationibus
1144 2349 1294 2412 gramm·

198 2438 266 2496 ticis
289 2447 321 2496 et
342 2459 381 2496 ex
404 2456 476 2497 usus
488 2439 645 2513 Euripidei
666 2440 781 2514 legibus
804 2455 868 2494 non
882 2455 976 2512 posse
991 2439 1113 2512 probari
1128 2439 1184 2494 nisi
1201 2457 1292 2513 quam

201 2539 366 2598 scholiasta
400 2541 487 2596 dedit
517 2540 720 2615 interpretans
754 2535 909 2598 ἐκπονεῖν·
944 2533 1124 2612 οἰκονομεῖν
1156 2533 1228 2613 (vol.
1251 2538 1295 2595 IV

201 2638 294 2698 Dind.
318 2658 346 2714 p.
373 2635 456 2715 200).
500 2638 563 2696 Sed
584 2639 630 2696 his
651 2639 791 2696 omnibus
818 2638 892 2696 locis
915 2639 1096 2696 examinatis
1119 2638 1178 2696 hoc
1201 2657 1295 2695 unum

199 2739 267 2797 luce
289 2740 398 2798 clarius
421 2740 486 2797 fore
510 2758 600 2814 spero
622 2736 788 2815 ἐκμοχθεῖν
810 2736 868 2814 τὰς
890 2739 956 2801 τῶν
979 2739 1063 2801 θεῶν
1090 2736 1189 2815 τύχας
1211 2743 1296 2815 apud

198 2841 377 2917 Euripidem
408 2859 565 2915 nunquam
598 2843 681 2899 idem
703 2843 812 2910 valere,
847 2843 932 2916 quod
964 2841 1030 2903 τῶν
1064 2841 1148 2903 θεῶν
1170 2841 1296 2917 κρατεῖν

200 2940 266 3019 (Tr.
290 2941 364 3021 964)
399 2945 445 3001 vel
475 2943 542 3004 τῶν
567 2942 651 3005 θεῶν
675 2938 819 3017 ἀνάγκας
840 2939 949 3005 ἰᾶσθαι
982 2941 1076 3020 (Dict.
1100 2945 1133 3004 ir.
1157 2959 1227 3019 340,
1252 2940 1296 3021 6).

200 3046 308 3114 Imm0,
332 3046 383 3121 qui
406 3062 493 3103 usum
514 3045 715 3119 Euripideum
737 3045 865 3114 noverit,
888 3047 1001 3102 eodem
1022 3047 1116 3102 modo
1140 3047 1298 3120 intelleget

201 3143 368 3221 ἐκμοχθεῖν
389 3142 448 3220 τὰς
472 3145 537 3206 τῶν
551 3145 635 3207 θεῶν
658 3142 757 3220 τύχας
772 3155 865 3220 atque
883 3126 918 3202 =in
933 3146 1027 3206 Andr.
1049 3166 1075 3205 v.
1093 3145 1296 3219 1268-1269

202 3244 240 3307 τὸ
254 3244 467 3322 πεπρωμένον
480 3244 654 3322 ἐκκομίζειν
667 3248 840 3322 similesque
856 3248 1016 3307 dictiones,
1047 3250 1183 3322 Apparet
1194 3254 1297 3305 autem

205 3366 283 3423 eum,
307 3349 358 3422 qui
381 3348 435 3405 fati
457 3348 674 3406 necessitatem
697 3358 728 3405 et
747 3366 835 3406 casus
858 3367 876 3404 a
899 3350 957 3405 diis
979 3349 1130 3405 immissos
1152 3347 1297 3422 perficere
1374 3403 1377 3408 .

201 3457 232 3505 et
263 3449 399 3524 perferre
431 3458 556 3524 paratus
589 3450 636 3518 sit,
669 3467 733 3506 non
755 3450 880 3506 stultum
903 3466 982 3519 esse,
1016 3458 1050 3506 ut
1070 3448 1162 3507 Herc.
1186 3467 1212 3508 v.
1235 3463 1298 3521 3ιο

204 3553 375 3622 contendit,
398 3538 459 3608 sed'
476 3553 656 3627 sapientem.
702 3551 742 3608 Et
763 3552 841 3608 haec
863 3552 987 3626 quidem
1009 3551 1157 3608 hactenus
1179 3551 1219 3606 de
1235 3567 1298 3604 ver-

202 3652 248 3709 bis
272 3648 419 3712 ἐκπονεῖν
453 3661 484 3709 et
506 3648 681 3728 ἐκμοχθεῖν.
719 3652 789 3710 Hoc
811 3640 908 3709 unum¹
936 3653 1030 3722 add0‚
1063 3654 1149 3727 quod
1174 3653 1300 3709 verbum

202 3752 422 3828 συνεκπονεῖν,
445 3755 581 3828 quamvis
594 3773 658 3810 non
679 3771 802 3828 prorsus
815 3754 977 3810 abhorreat
1002 3755 1040 3811 ab
1066 3754 1200 3828 genuina
1216 3753 1299 3809 verbi

202 3849 350 3916 ἐκπονεῖν
371 3855 508 3924 notione,
532 3863 634 3912 tamen
656 3857 746 3912 solito
763 3856 910 3913 audacius
933 3864 1112 3929 usurpatum
1127 3856 1247 3912 videtur
1268 3856 1298 3910 in

201 3955 267 4015 Ion.
291 3974 317 4015 v.
336 3969 405 4030 740.
450 3954 512 4012 Sed
534 3958 710 4014 coniectura
725 3955 841 4014 Reiskii
855 3973 910 4030 pro
926 3954 1175 4016 συνεκπονοῦσα
1190 3954 1296 4016 κιῖιλον

204 4056 364 4112 scribentis
394 4051 684 4130 συνεποτρύνουσα
716 4074 799 4113 nunc
832 4056 973 4113 omnibus
1003 4056 1208 4130 improbabilis
1241 4063 1298 4115 est.

203 4156 272 4230 Ego
296 4156 427 4230 cogitavi
455 4157 495 4213 de
518 4154 778 4233 συνεκφέρουσα.
822 4157 969 4214 Extremo
1000 4164 1103 4213 autem
1135 4146 1223 4213 huius
1248 4174 1300 4213 ca·

204 4259 276 4333 pitis
303 4258 372 4316 loco
406 4257 480 4315 mihi
515 4260 819 4316 commemorandum
851 4266 899 4317 est
918 4255 1016 4316 'aliud
1048 4258 1182 4330 verbum,
1215 4259 1300 4333 quod
