2992 4920
729 334 831 410 13'

195 541 244 583 res
265 535 344 595 sunt,
369 527 513 601 quoniam
549 525 743 600 impudenter
773 531 924 598 repetunt,
953 539 1033 598 quae
1056 531 1128 582 ante
1150 522 1290 583 Herculis

195 627 442 684 maledictionem
457 627 488 683 in
506 646 533 686 v.
550 643 607 700 143
624 625 699 682 etin
715 643 742 680 v.
760 622 920 697 146-—147
944 624 1019 681 satis
1042 642 1193 700 superque
1208 626 1292 684 dicta

194 736 225 784 et
240 728 380 786 absoluta
400 737 485 786 sunt:
508 723 589 801 ὑπὲρ
610 722 668 799 τὴν
689 720 779 786 ἀξίαν
794 720 832 784 τὸ
847 720 967 798 πένθος
983 720 1117 800 αἴρεσθ’,
1133 721 1160 786 εἰ
1183 727 1292 788 θανεῖν

195 823 278 902 ὑμᾶς
301 825 414 903 χρεών.
458 828 520 886 Sed
541 828 742 886 certissimum
765 824 942 883 atheteseos
964 835 1089 884 nostrae
1112 827 1293 885 fundamen·

197 936 262 985 tum
281 930 410 1003 praebet
433 930 575 988 verbum:
610 923 850 1000 ἐξαγωνίζεσθε,
885 927 970 1000 quod
1000 945 1038 983 ex
1067 929 1201 986 auctoris
1223 947 1293 986 sen-

194 1030 291 1087 tentia
312 1031 482 1104 significare
497 1031 636 1087 videtur:
661 1022 772 1098 ἀγῶνα
795 1027 929 1100 effugere
950 1026 998 1084 vel
1021 1030 1162 1088 evadere.
1198 1029 1293 1101 Quod
1380 1044 1381 1047 ’

197 1127 361 1204 Madvigus
384 1130 463 1187 bene
485 1129 643 1199 intellexit,
668 1128 719 1202 qui
742 1127 860 1184 scribit:
883 1125 951 1200 τοῖς
966 1127 993 1187 δ’
1010 1123 1043 1188 ἐξ
1060 1122 1188 1202 ἀγῶνος
1203 1123 1292 1205 ἦσθε,

196 1228 234 1287 cl.
257 1230 335 1290 Adv.
362 1229 433 1290 Crit.
455 1231 478 1289 Ι.
501 1249 537 1305 p„
549 1244 618 1302 245.
645 1229 708 1288 Sed
730 1229 810 1286 hanc
826 1245 949 1302 quoque
972 1227 1136 1286 lectionem
1147 1230 1293 1305 Euripide
1313 1264 1322 1285 .-

195 1331 354 1405 indignam
390 1333 575 1407 putabimus,
609 1349 678 1388 cum
711 1338 829 1387 ceteras
863 1329 1069 1399 difficultates,
1103 1332 1212 1405 quibus
1245 1331 1294 1388 hic

197 1432 283 1489 locus
307 1433 436 1500 laborat,
458 1451 498 1490 ne
520 1441 629 1507 tangat
658 1432 793 1506 quidem,
826 1431 942 1488 nedum
964 1449 981 1486 e
1003 1431 1106 1488 medio
1137 1433 1225 1490 tollat
1246 1434 1294 1490 vel

199 1541 297 1610 sanet.
340 1535 439 1592 Adice
461 1536 546 1609 quod
576 1535 685 1591 iterum
708 1530 759 1608 (cf.
783 1550 809 1591 ν.
826 1526 880 1610 81)
913 1533 1044 1589 traditae
1068 1532 1183 1591 formae
1205 1535 1291 1592 testis

195 1634 284 1691 nobis
307 1636 427 1692 exsistit
448 1634 619 1709 Hesychius
642 1634 713 1706 (vol.
729 1633 766 1692 Π.
787 1652 816 1708 p.
836 1628 914 1710 113),
937 1633 989 1689 ubi
1011 1634 1077 1690 sine
1099 1635 1192 1693 dubio
1209 1644 1292 1693 recte

197 1733 382 1793 Schmidtius
407 1733 674 1809 ἐξαγκωνίῑεσθαι
696 1735 824 1791 mutavit
838 1735 868 1791 in
883 1743 1020 1792 nostrum
1036 1736 1159 1792 verbum
1175 1733 1293 1809 ἐξαγω-

197 1831 333 1898 νίζεσθε.
380 1837 564 1913 Improbavit
587 1845 689 1893 autem
711 1836 794 1892 idem
817 1835 1002 1892 Schmidtius
1024 1854 1081 1894 suo
1103 1837 1168 1894 iure
1190 1838 1295 1894 inven-

197 1944 263 1993 tum
286 1937 426 2007 Schowii,
460 1940 512 2013 qui
545 1938 627 1995 hunc
647 1936 794 2010 Hesychii
826 1936 927 1992 locum
955 1935 1015 1993 hoc
1036 1938 1131 1994 modo
1154 1938 1294 2014 digerere

196 2046 328 2096 conatus
350 2047 411 2097 est:
434 2035 692 2111 ἐξαγωνίζεσθαι·
716 2034 749 2098 ἐξ
772 2031 909 2108 ἀγώνων
930 2033 1034 2098 πόνον
1051 2033 1144 2113 ἔχειν.
1166 2039 1294 2115 Supplet

198 2139 280 2196 enim
303 2139 458 2197 Schowius
481 2139 764 2214 interpretationem
786 2138 939 2211 perditam
961 2136 1050 2196 huius
1077 2141 1160 2197 vocis
1184 2159 1222 2197 ex
1245 2157 1293 2197 se·

198 2247 313 2312 quente
336 2238 450 2313 glossa.
482 2239 557 2295 Mihi
579 2256 642 2295 non
664 2238 792 2295 dubium
814 2245 871 2305 est,
895 2239 968 2311 quin
982 2237 1128 2314 Hesychii
1147 2240 1294 2315 interpre-

197 2339 273 2396 tatio
296 2339 381 2396 haud
403 2340 446 2396 ita
469 2339 560 2413 longe
595 2339 704 2396 afuerit
739 2339 778 2395 ab
812 2339 988 2396 coniectura
1015 2340 1064 2396 illa
1086 2339 1294 2416 Madvigiana,
1327 2383 1330 2390 -

102 2479 107 2488 ·
171 2473 173 2477 -
197 2457 268 2496 cum
291 2448 398 2498 auctor
420 2459 447 2499 v.
469 2454 524 2512 155
548 2440 640 2497 verbo
663 2448 769 2496 nostro
801 2440 934 2496 eandem
964 2440 1023 2497 vim
1045 2440 1192 2510 tribuerit,
1214 2460 1295 2517 quae

197 2541 277 2597 inest
299 2541 452 2598 adiectivo
476 2537 660 2615 ἐξαγώνιος,
682 2541 767 2615 quod
790 2539 961 2615 Hesychius
987 2541 1066 2598 bene
1089 2543 1221 2616 explicat
1241 2560 1296 2618 per

197 2635 261 2702 ἔξω
283 2640 341 2701 τοῦ
366 2636 494 2715 ἀγῶνος
517 2636 640 2720 ὤν(11).
663 2643 713 2700 lin.
741 2639 798 2718 11).
828 2641 986 2699 Debemus
1009 2642 1089 2698 enirn
1110 2642 1167 2700 hos
1189 2661 1294 2701 versus

202 2738 375 2814 155-156'
389 2742 558 2816 sapientiae
590 2742 809 2816 grammaticae
832 2742 972 2799 eiusdem
995 2741 1115 2811 falsarii,
1153 2743 1204 2817 qui
1232 2743 1296 2800 aliis

198 2858 322 2915 quoque
350 2842 436 2909 locis,
459 2850 492 2897 ut
513 2841 591 2898 infra
613 2842 793 2911 videbimus
818 2843 916 2900 verbis
932 2860 1001 2899 cum
1018 2838 1050 2905 ἐξ
1065 2843 1295 2918 praepositione

198 2942 376 3016 compositis
402 2943 575 3017 turpissime
598 2944 711 3000 abusus
734 2952 790 3002 est.
834 2943 967 3000 Rectum
994 2952 1097 3002 autem
1120 2944 1204 3001 verbi
1228 2941 1297 3005 ἐξα-

197 3036 390 3112 γωνίζεσθαι
414 3059 512 3112 usum,
536 3044 621 3117 quod
642 3051 764 3118 praeter
778 3044 859 3101 hunc
874 3045 975 3101 locum
990 3044 1021 3101 in
1037 3044 1158 3120 tragicis
1171 3044 1297 3102 Graecis

197 3158 261 3198 non
282 3142 442 3210 invenitur,
468 3143 546 3200 ultro
563 3160 670 3200 omnes
689 3144 876 3218 intellegent,
901 3145 1009 3220 quibus
1032 3143 1075 3200 vis
1099 3139 1247 3218 αὐξητικὴ
1264 3140 1297 3205 ἑξ

198 3243 435 3318 praepositionis
458 3245 531 3301 satis
554 3253 629 3302 nota
655 3253 710 3303 est.
734 3275 773 3284 -
796 3244 859 3302 Sed
881 3263 1067 3320 quamquam
1088 3244 1297 3320 v.155-156

198 3343 309 3401 deletis
331 3361 444 3418 magna
466 3344 595 3402 offensio
618 3365 636 3402 e
659 3345 733 3420 Lyci
755 3345 854 3403 verbis
881 3354 998 3403 remota
1021 3354 1079 3416 est,
1101 3346 1297 3402 nihilominus
1349 3338 1352 3343 ’

105 3454 111 3461 ·
198 3447 326 3502 multum
358 3445 455 3514 abest,
492 3454 525 3502 ut
557 3446 615 3504 hac
648 3447 776 3522 simplici
808 3448 962 3505 medicina
995 3455 1094 3506 totam
1128 3447 1298 3504 orationem

197 3554 360 3621 purgatam
383 3554 415 3602 et
435 3547 607 3604 restitutam
628 3555 780 3622 putemus
815 3547 930 3604 Iterum
952 3555 1055 3607 autem
1077 3548 1177 3604 coacti
1192 3564 1296 3604 sumus

88 3700 93 3704 .
199 3646 361 3703 dissentire
378 3664 397 3703 a
410 3645 487 3713 Wil.‚
510 3647 561 3720 qui
576 3647 613 3706 A.
630 3666 660 3722 p.
674 3662 731 3722 237
750 3648 909 3705 contendit
931 3654 1003 3721 post
1024 3666 1051 3706 v.
1072 3663 1129 3721 ¹49
1154 3664 1298 3722 magnam

197 3753 316 3820 partem
331 3762 369 3800 ex
388 3744 463 3820 Lyci
485 3746 625 3803 oratione
647 3747 846 3806 intercidisse.
881 3747 961 3804 Nam
972 3747 1081 3821 LycuS,
1104 3764 1202 3804 novus
1216 3747 1297 3804 The·

199 3847 349 3903 banorum
372 3854 530 3921 tyrannus,
551 3865 648 3921 penes
674 3865 767 3922 quem
788 3849 929 3922 potentia
950 3866 1050 3904 rerum
1072 3855 1104 3904 et
1125 3847 1206 3905 vitae
1225 3848 1298 3905 Am-

198 3946 370 4022 phitruonis
406 3956 452 4004 est
486 3948 599 4024 quique
632 3948 663 4004 in
693 3949 794 4005 animo
817 3948 912 4006 habet
933 3949 1060 4007 inimicis
1084 3948 1146 4004 suis
1168 3956 1298 4005 mortem

179 4048 184 4111 J
198 4065 318 4122 parare,
340 4049 463 4105 minime
484 4049 510 4106 is
532 4066 601 4106 esse
624 4050 754 4118 videtur,
790 4050 842 4124 qui
876 4050 1062 4125 loquacitate
1085 4057 1117 4106 et
1139 4049 1297 4106 verborum

199 4150 290 4225 copia
311 4150 519 4207 adversarium
553 4151 753 4226 aequiparare
781 4151 828 4206 vel
850 4169 995 4226 superare
1018 4151 1153 4209 studeat.
1197 4149 1298 4222 Quem

200 4270 324 4312 sensum
342 4253 410 4329 ipse
432 4261 527 4329 poeta
549 4255 697 4329 expressit
720 4255 765 4313 his
789 4255 863 4331 Lyci
885 4256 983 4312 verbis
1007 4248 1214 4331 (238—239):
