2992 4920
732 389 768 442 47

203 553 243 608 de
266 552 375 628 quibus
397 551 467 615 Wil,
488 553 524 610 A.
548 571 577 628 p.
598 567 657 626 229
681 551 770 611 dicit:
804 552 1031 621 „anacoluthon
1057 553 1181 612 Herculi
1210 555 1301 612 unice

145 663 148 669 '
205 654 376 713 convenit“.
417 653 502 726 Quid
536 661 639 711 autem
670 653 795 711 Herculi
827 653 999 724 conveniat,
1033 672 1095 711 non
1121 672 1223 712 meum
1253 664 1302 714 est

203 773 358 830 quaerere.
403 755 485 812 Fieri
507 755 633 830 quidem
655 763 769 830 potest,
802 763 836 812 ut
858 755 901 812 vir
922 755 953 812 in
976 755 1114 813 inimicos
1137 773 1209 814 suos
1233 774 1300 813 sae·

200 857 312 914 viturus
340 857 499 914 balbutiat.
548 856 612 913 Sed
643 864 769 931 poetam
804 857 950 930 tragicum
971 855 1121 914 balbutire
1152 865 1184 914 et
1216 857 1299 932 leges

199 958 413 1032 grammaticas
447 958 513 1015 sine
547 958 627 1016 iusta
661 974 755 1015 causa
777 956 943 1032 neglegere
972 975 1092 1032 semper
1115 959 1251 1015 dedecet
1264 953 1299 1034 ¹).

200 1059 251 1116 Ad
266 1078 292 1120 v.
310 1057 475 1132 581-582
497 1061 680 1134 pungendus
701 1059 841 1117 falsarius
863 1060 1044 1117 vocabulum
1066 1056 1246 1133 καλλίνικος
1261 1077 1299 1117 ex

201 1168 325 1218 nostrae
350 1159 472 1243 fabulae
495 1178 521 1216 v.
539 1174 601 1234 570
624 1167 654 1216 et
677 1158 734 1234 961
761 1160 817 1216 sibi
838 1161 975 1235 sumpsit.
992 1160 1110 1218 —Sed
1132 1169 1299 1236 antequam

198 1261 361 1319 Herculem
382 1261 598 1338 relinquamus
626 1278 755 1318 necesse
787 1269 834 1318 est
866 1260 1088 1336 patefaciamus
1111 1261 1299 1319 callidiorem

199 1363 355 1436 quandam
378 1363 653 1437 interpolationem,
677 1379 756 1437 quae
779 1362 848 1420 huic
866 1362 1007 1420 Herculis
1030 1363 1160 1421 orationi
1182 1364 1299 1420 intrusa

200 1472 256 1522 est.
300 1465 446 1539 ineptum
471 1463 552 1521 enim
575 1472 622 1521 est
645 1464 772 1520 credere
800 1471 926 1538 poetam
948 1471 1084 1521 nostrum
1106 1458 1299 1540 (569—571)

201 1565 356 1625 Cadmeos
381 1565 506 1623 Herculi
528 1565 718 1624 adversarios
742 1565 788 1622 vel
811 1566 947 1640 ingratos
974 1566 1017 1623 ita
1038 1566 1069 1623 in
1094 1567 1171 1623 duas
1196 1574 1299 1641 partes

201 1668 350 1737 divisisse,
374 1676 408 1725 ut
428 1667 595 1725 Herculem
616 1667 783 1724 minantem
815 1666 952 1742 fingeret,
981 1684 1015 1724 se
1036 1667 1112 1725 alios
1135 1668 1221 1725 clava
1243 1683 1298 1725 sua

198 1769 273 1826 alios
296 1769 414 1842 sagittis
437 1785 505 1826 esse
523 1768 784 1843 interempturum.
829 1767 924 1840 Quod
946 1776 1030 1826 recte
1053 1768 1196 1843 cognovit
1218 1767 1296 1824 Her·

200 1871 370 1939 werdenus,
396 1870 447 1945 qui
470 1865 502 1944 (l.
526 1868 556 1941 l.)
580 1871 621 1927 de
652 1869 697 1927 his
720 1869 856 1927 versibus
889 1869 1065 1944 disputavit.
1123 1868 1185 1926 Sed
1207 1868 1298 1925 vehe-

198 1979 316 2028 menter
337 1979 416 2028 errat
442 1971 491 2029 hic
511 1971 555 2028 vir
577 1970 782 2038 doctissimus
811 1970 885 2026 dum
906 1989 933 2028 v.
949 1983 1011 2044 570
1032 1970 1206 2027 eiciendum
1227 1986 1297 2026 esse

198 2091 235 2128 ex
259 2072 405 2147 Euripide
429 2072 553 2132 iudicat.
599 2071 699 2143 Quem
731 2072 804 2129 satis
830 2072 939 2128 inscite
962 2079 1050 2146 putat
1067 2071 1221 2131 infersisse
1243 2071 1298 2128 ho·

196 2174 311 2230 minem
335 2174 473 2241 sciolum,
496 2174 548 2248 qui
567 2174 750 2247 ignorasset,
766 2190 827 2248 quo
847 2170 925 2247 τοὺς
950 2170 986 2234 δέ
1008 2173 1143 2242 referret,
1159 2181 1191 2231 et
1207 2191 1298 2248 aegre

199 2273 407 2330 desiderasset
442 2273 545 2330 clavae
577 2271 749 2330 Herculeae
787 2273 984 2329 mentionem.
1034 2271 1159 2351 Quanto
1194 2279 1297 2328 autem

135 2392 137 2397 ·
197 2373 383 2431 verisimilius
406 2382 455 2430 est
480 2381 604 2447 poetam
619 2374 746 2441 clavam,
772 2374 836 2431 sine
856 2392 916 2448 qua
928 2373 1092 2430 Herculem
1107 2373 1137 2429 in
1153 2389 1298 2430 scaenam

197 2492 261 2532 non
292 2475 443 2550 prodiisse
482 2482 604 2531 constat
634 2472 713 2547 (Wil.
736 2474 773 2532 A.
795 2493 824 2548 p.
842 2473 924 2547 204),
959 2475 1008 2531 hic
1040 2490 1298 2532 commemorasse

197 2592 289 2650 quam
310 2593 413 2632 arcum
428 2583 461 2631 et
475 2576 544 2633 tela.
580 2574 689 2648 Itaque
705 2592 889 2650 quamquam
904 2575 988 2632 haud
1002 2575 1110 2650 ignoro
1132 2573 1297 2632 Herculem

196 2677 228 2733 in
250 2685 357 2733 nostra
380 2693 503 2744 scaena,
531 2677 645 2751 quippe
677 2677 728 2750 qui
761 2676 875 2732 rediret
897 2695 934 2732 ex
956 2677 1063 2733 itinere
1095 2693 1161 2745 su0,
1194 2675 1297 2732 omnia

195 2778 258 2835 tela
280 2795 384 2834 secum
406 2784 555 2852 gestasse,
596 2777 734 2833 nimirum
766 2786 888 2851 praeter
908 2778 1025 2835 clavam
1047 2794 1151 2833 areum
1173 2793 1296 2850 quoque

195 2872 249 2956 (cf.
273 2897 300 2939 v,
317 2873 403 2953 942),
420 2885 524 2934 tamen
540 2886 645 2934 contra
657 2876 900 2935 Herwerdenum
915 2897 942 2938 v.
959 2893 1020 2953 570
1032 2877 1186 2934 mordicus
1202 2885 1295 2934 teneo

197 2989 228 3037 et
251 2960 365 3036 damno
404 2986 585 3053 sequentem
607 2996 735 3046 versum,
771 2979 823 3053 qui
845 2978 1034 3054 ineleganter
1056 2980 1184 3035 adsutus
1208 2985 1254 3034 est
1277 2997 1295 3035 a

196 3079 318 3137 falsario
353 3088 478 3154 tamque
520 3080 726 3147 incommode,
758 3088 793 3135 ut
824 3076 902 3154 τοὺς
928 3076 964 3140 δέ
987 3097 1050 3136 non
1071 3079 1186 3135 habeat
1207 3095 1295 3135 suum

196 3178 273 3255 τοὺς
297 3179 365 3256 μέν,
388 3181 437 3238 cui
460 3182 656 3256 respondeat.
690 3179 875 3239 Wecklinius
898 3182 1021 3256 quidem
1035 3189 1124 3256 putat
1145 3181 1175 3237 in
1191 3200 1217 3239 v.
1235 3194 1295 3254 570

198 3283 288 3340 facile
312 3280 446 3356 suppleri
468 3299 561 3355 posse
584 3277 662 3355 τοὺς
685 3277 751 3355 μέν.
796 3281 836 3338 Et
861 3300 919 3357 ego
950 3282 1077 3339 libenter
1104 3281 1243 3338 concedo
1265 3280 1296 3336 iu

198 3383 313 3458 optima
337 3381 516 3440 Graecitate
549 3382 623 3440 satis
658 3383 752 3439 multa
779 3383 904 3440 inveniri
928 3385 1076 3458 exempla,
1099 3382 1151 3440 ubi
1172 3380 1294 3457 partitio

200 3519 393 3527 a—-—-—·——

298 3589 324 3655 1)
344 3590 444 3639 Verum
455 3595 503 3648 est,
523 3589 598 3654 quod
616 3589 668 3638 iam
681 3596 759 3639 antea
778 3590 909 3639 interdum
928 3589 1071 3652 tetigimus,
1090 3579 1294 3654 interpolatores

195 3678 246 3728 sibi
266 3677 360 3726 sedulo
381 3678 524 3740 adrogasse
553 3692 611 3726 cum
630 3677 767 3727 universae
786 3677 911 3726 dictionis
929 3677 1099 3726 insolentiam
1128 3684 1182 3726 tum
1202 3693 1293 3727 omnes

195 3772 337 3815 structuras
356 3764 532 3814 ‘defectivas‘
552 3763 598 3830 (sit
625 3765 701 3814 venia
729 3763 845 3830 verbol).
876 3766 910 3813 Et
930 3781 1087 3830 quamquam
1106 3764 1293 3815 difficillimum

195 3860 235 3902 est
253 3853 281 3901 in
299 3852 341 3902 bis
361 3853 448 3912 rebus,
477 3869 545 3919 quae
569 3853 601 3901 ad
620 3852 756 3917 ‘ellipsin’
783 3854 924 3918 pertinent,
951 3870 1013 3903 vera
1032 3869 1154 3919 separare
1174 3870 1187 3902 a
1208 3854 1291 3913 falsis,

195 3948 283 3991 tamen
312 3958 499 4007 nonnunquam
525 3942 624 3991 falsarii
656 3956 687 3990 eo
717 3949 912 4004 cognoscuntur
940 3942 1012 4009 quod
1032 3943 1109 3992 nimis
1128 3942 1295 4006 impudenter

197 4048 286 4081 verum
316 4038 485 4080 excesserunt
514 4032 630 4091 modum,
659 4038 687 4081 ut
715 4032 796 4081 modo
816 4031 929 4080 vidimus
948 4031 976 4080 in
995 4032 1075 4082 Herc.
1094 4047 1117 4080 v.
1133 4041 1183 4094 577
1203 4029 1293 4096 (εἴπερ

195 4119 247 4171 οἵδ’
269 4119 340 4184 ὑπὲρ
361 4119 488 4184 πατρὸς),
513 4135 626 4185 quocum
653 4120 798 4185 comparari
823 4126 912 4185 potest
931 4121 997 4169 Hec.
1015 4135 1039 4168 v.
1055 4131 1087 4183 57
1107 4117 1242 4184 (ὅσονπερ
1261 4118 1292 4170 εὖ

195 4207 280 4272 ποτ’),
309 4222 388 4272 quern
416 4224 467 4257 una
496 4223 554 4256 cum
581 4214 638 4257 tota
665 4207 771 4274 prologi
798 4207 918 4258 clausula
937 4224 968 4257 ex
990 4207 1118 4274 Euripide
1147 4206 1225 4256 eiecit
1242 4205 1292 4258 Kl.

196 4295 232 4362 tp·
254 4296 380 4361 35-3⁶)·
