2992 4920
772 339 804 409 58

240 535 329 578 suum
362 519 480 580 facilius
513 522 659 580 lectorem
694 522 820 582 celaret.
863 490 943 579 Nain
963 520 1031 578 luce
1054 518 1163 580 clarius
1189 530 1236 578 est
1258 520 1340 580 hunc

240 623 393 680 hominem
416 625 515 698 ipsum
531 624 708 699 Euripidem
724 622 917 698 compilasse,
941 639 1010 678 cum
1025 623 1188 697 sumpserit
1203 640 1220 677 e
1236 641 1262 679 v.
1278 621 1338 697 829

240 720 333 783 τάσδ’
356 719 547 800 ὑπερβαλὼν
569 721 674 798 πύλας
697 724 758 796 (hic
780 724 861 781 enim
872 717 977 795 πύλας
999 723 1167 780 rectissime
1183 740 1216 779 se
1232 720 1339 801 habet)

241 833 273 881 et
294 843 374 900 quac
396 828 498 883 statim
518 835 663 884 secuntur
677 821 856 901 στεφάνοις
867 820 1043 897 πυκασθείς
1058 843 1076 880 e
1092 843 1118 883 v,
1130 823 1200 897 832.
1224 823 1339 883 Versus

242 925 421 1002 796-7982
652 925 655 930 ’

722 1023 773 1087 καί
795 1024 876 1104 σάφ’
899 1023 959 1089 οἶδ’
983 1024 1142 1089 ὁθούνεκα

380 1129 439 1189 τοῦ
461 1128 520 1190 νθν
542 1129 738 1203 σκυθρωποῦ
762 1125 814 1189 καὶ
834 1129 1037 1203 Ξυνεστῶτος
1059 1128 1190 1204 φρενῶν

383 1228 544 1304 μεθορμιεῑ
558 1241 596 1289 σε
618 1225 752 1303 πίτυλος
775 1225 926 1304 ἐμπεσὼν
948 1225 1086 1306 σκύφου.

240 1332 448 1388 concinnitate
481 1339 513 1386 et
540 1330 758 1405 perspicuitate
781 1331 929 1387 sermonis
950 1332 1040 1406 plane
1060 1339 1175 1390 carent.
1220 1331 1337 1404 Quam·

240 1449 333 1506 quam
355 1431 432 1488 haec
455 1439 619 1488 structura:
642 1430 700 1490 τοῦ
723 1431 919 1505 σκυθρωποῦ
937 1430 1070 1506 φρενῶν
1092 1433 1173 1488 bene
1196 1432 1337 1489 defendi-

239 1540 288 1589 tur
309 1531 456 1607 exemplis
479 1531 665 1606 Euripideis,
688 1549 769 1605 quae
791 1532 890 1588 attulit
905 1532 1033 1603 Kvicala
1055 1525 1097 1609 (p.
1116 1525 1183 1610 23):
1207 1530 1258 1592 Or.
1278 1548 1334 1607 297

239 1641 271 1689 et
293 1633 409 1691 Phoen.
448 1648 536 1708 1740.
582 1633 645 1690 Sed
678 1634 864 1691 adiectivum
896 1629 1101 1708 σκυθρωπός,
1136 1635 1221 1708 quod
1253 1642 1337 1692 recte

238 1732 409 1791 adhibitum
432 1743 479 1791 est
501 1754 526 1793 v.
545 1749 614 1809 774,
630 1735 729 1791 minus
752 1742 824 1810 apte
841 1753 909 1791 cum
925 1734 1056 1809 φρενῶν
1072 1734 1229 1791 coniunxit
1244 1734 1335 1790 inter·

239 1834 370 1908 polator,
386 1853 455 1892 cum
470 1835 632 1910 Euripides
648 1835 834 1892 adiectivum
851 1831 1053 1910 σκυθρωπός,
1077 1844 1110 1892 ut
1127 1843 1238 1893 natura
1252 1834 1336 1892 vocis

239 1936 385 2009 postulat,
410 1954 472 1993 non
494 1938 534 1992 de
557 1936 670 2003 anim0,
693 1938 749 1992 sed
774 1937 814 1992 de
837 1936 902 1992 visu
925 1937 972 1992 vel
994 1936 1090 1993 oculis
1113 1920 1186 2010 ipsis
1209 1952 1336 2009 usurpa-

240 2037 325 2115 verit,
358 2046 392 2093 ut
414 2037 579 2094 clarissime
602 2038 702 2106 elucet
724 2056 762 2092 ex
785 2035 897 2095 Bacch.
922 2055 948 2093 v.
969 2050 1059 2109 1251:
1095 2031 1140 2109 ῶς
1173 2031 1335 2096 δύσκολον

238 2132 276 2196 τὸ
310 2136 411 2212 γῆρας
446 2132 629 2212 ἀνθρώποις
652 2132 714 2212 ἔφυ
747 2132 829 2196 ἔντ’
853 2132 973 2211 ὄμμασι
995 2132 1197 2211 σκυθρωπόν,
1220 2134 1335 2196 Phoen.

244 2253 332 2311 1333,
356 2237 407 2296 Or.
429 2255 515 2313 1319.
553 2238 662 2314 Neque
695 2239 858 2296 abhorrent
893 2239 931 2295 ab
966 2237 1026 2294 hoc
1058 2255 1115 2295 usu
1145 2238 1173 2294 ei
1194 2238 1261 2306 loci,
1284 2237 1336 2293 ubi

238 2335 431 2413 σκυθρωπός
461 2341 545 2397 nude
576 2358 686 2415 perse
710 2348 819 2408 exstat,
843 2347 876 2395 ut
899 2339 993 2397 inIn.
1019 2338 1051 2398 fr.
1067 2355 1139 2411 410,
1162 2338 1242 2396 alibi.
1288 2336 1335 2395 Ne

238 2459 265 2496 v.
284 2438 342 2514 798
367 2442 500 2515 quidem,
535 2442 586 2517 qui
605 2441 702 2516 primo
726 2441 835 2497 obtutu
861 2440 1019 2514 gravitatis
1041 2440 1175 2514 speciem
1196 2439 1335 2514 praebet,

237 2541 318 2597 miris
342 2550 425 2598 caret
458 2550 490 2598 et
527 2542 737 2598 audacissimis
772 2540 967 2599 dictionibus,
1011 2539 1120 2614 Neque
1152 2539 1233 2596 enim
1263 2557 1334 2596 mea

238 2641 363 2715 quidem
396 2643 549 2699 sententia
582 2641 709 2698 delendi
730 2649 834 2716 potest
855 2641 904 2698 hic
936 2658 1008 2698 usus
1031 2640 1115 2696 verbi
1136 2636 1334 2714 μεθορμίζειν

236 2741 320 2800 Med.
345 2760 371 2800 v.
389 2741 448 2814 258
471 2751 502 2798 et
524 2761 551 2800 v.
567 2757 749 2814 441-4431
783 2742 840 2798 sed
873 2739 1035 2815 μεθορμτεῑ
1067 2741 1275 2810 toleraremus,
1309 2742 1334 2796 si

238 2851 342 2899 cetera
356 2841 435 2898 bene
454 2861 486 2899 se
503 2841 661 2899 haberent.
686 2841 892 2900 Vehementer
913 2842 996 2899 enim
1018 2841 1159 2916 displicet
1182 2841 1333 2898 molestis·

237 2944 345 3000 simum
366 2944 558 3018 participium
574 2938 724 3016 ἐμπεσών
740 2951 771 2999 et
794 2943 886 3000 verba
908 2937 1056 3017 “πίτυλος
1072 2937 1217 3017 σκύφσυ’
1238 2943 1334 3000 liben-

236 3044 296 3101 tius
319 3044 528 3118 probaremus,
552 3044 576 3100 si
598 3061 653 3117 pro
676 3043 820 3117 singulari
835 3024 961 3100 numero
976 3043 1125 3119 pluralem
1143 3043 1333 3100 adhibuisset

238 3153 345 3203 auctor
367 3140 419 3217 (cf.
444 3143 494 3201 Tr.
517 3140 594 3216 1236
617 3151 649 3198 et
672 3143 855 3200 scholiorum
882 3143 1176 3217 interpretationes).
1219 3141 1334 3200 Nihilo-

236 3245 336 3302 minus
359 3244 522 3301 lectionem
545 3243 687 3300 librorum
709 3252 867 3317 antepono
890 3245 1074 3301 coniecturis
1097 3244 1258 3315 Kvicalae:
1281 3260 1333 3318 με·

237 3341 376 3418 θορμτεῖς
400 3339 434 3416 ἐς
456 3338 589 3403 πίτυλον
618 3340 768 3418 ἐμπεσὼν
791 3339 930 3419 σκύφου,
959 3362 1027 3401 cum
1049 3341 1181 3418 πίτυλος
1203 3337 1332 3420 σκύφου

239 3441 354 3520 (poculi
376 3442 547 3518 remigium)
583 3445 752 3501 certissime
785 3445 951 3519 genuinum
984 3445 1153 3503 subiectum
1177 3446 1224 3514 sit,
1247 3447 1333 3519 quod

238 3548 327 3603 unIce
350 3554 500 3620 congruat
523 3564 590 3602 cum
606 3546 699 3602 verbo
724 3542 930 3621 μεθορμίζειν.
945 3578 978 3586 -
997 3546 1046 3604 De
1069 3555 1213 3621 quattuor
1235 3556 1333 3604 extre·

236 3648 292 3704 mis
316 3646 451 3703 versibus
475 3647 547 3704 mihi
570 3648 700 3704 sufficiat
723 3648 829 3722 paucis
851 3648 987 3705 iudicare
1009 3648 1116 3707 verbis.
1148 3646 1227 3705 Puto
1251 3650 1332 3705 enim

236 3767 262 3806 v.
278 3763 336 3822 799
350 3755 381 3803 et
393 3746 452 3803 802
477 3766 546 3805 esse
568 3766 672 3805 versus
695 3767 751 3823 per
765 3766 799 3805 se
819 3767 883 3804 non
898 3750 1019 3823 ineptos
1034 3745 1069 3827 ¹).
1095 3749 1213 3805 Vereor
1228 3759 1331 3807 autem

235 3867 276 3904 ne
300 3867 326 3908 v.
345 3863 415 3924 799,
437 3850 573 3923 quamvis
594 3850 677 3906 solus
700 3850 814 3906 bonum
842 3849 956 3907 habeat
986 3868 1120 3919 sensum,
1143 3868 1213 3907 cum
1235 3853 1332 3908 nostri

234 3949 294 4005 loci
313 3950 466 4008 sententia
487 3967 550 4006 non
571 3951 664 4025 plane
687 3952 839 4026 concinat.
883 3948 961 4007 Nam

338 4173 362 4240 1)
382 4176 503 4225 Vsenero
531 4176 575 4225 hic
603 4177 678 4225 locus
697 4174 732 4241 (ν.
753 4176 904 4241 799-802)
934 4193 1026 4244 sapere
1052 4177 1155 4227 videtur
1173 4191 1268 4229 novam
1288 4192 1330 4230 co-

235 4263 375 4316 moediam.
