2992 4920
737 352 770 403 23

206 518 254 574 lae
267 537 293 578 v.
306 516 376 577 118:
394 517 542 578 σκοπεῖτε
556 514 596 592 μὴ
610 514 744 591 δόκησιν
756 511 848 592 εἴχετ’
862 514 896 577 ἐκ
910 517 995 579 θεῶν
1006 537 1062 574 vox
1075 514 1208 592 δόκησις
1219 519 1301 574 idem

205 620 269 677 fere
292 620 447 688 describit,
471 621 556 695 quod
578 615 715 681 εἴδωλον
742 620 772 675 in
796 638 821 677 ν.
841 635 894 692 34:
926 639 951 679 v.
979 619 1032 676 121
1069 615 1156 680 οὕτω
1178 620 1300 681 δοκεῖτε

205 719 263 793 τὴν
286 717 419 796 δόκησιν
443 718 495 795 (=
512 715 701 796 opinionem)
724 715 857 795 ἀσφαλῆ
881 738 942 778 una
967 738 1035 778 curn
1051 729 1199 795 sequente
1215 722 1301 778 dam-

206 831 355 879 naverunt
375 822 561 879 Ribbeckius
585 831 616 879 et
639 821 799 879 Czwalina.
842 820 883 877 lu,
899 819 1022 878 Heracl.
1046 840 1072 880 v.
1096 837 1154 896 395
1179 823 1301 897 σκοπεῖ,

206 919 339 998 δόκησιν
362 921 399 998 δὴ
423 919 491 984 τόδ’
514 919 554 983 ἂν
578 919 699 996 λέγοιμί
732 932 785 982 σοι
813 922 1031 996 explicabimus
1055 919 1188 997 δόκησιν
1211 918 1300 980 ‘con-

204 1020 374 1084 iecturam'.
404 1024 529 1082 Certum
550 1033 653 1081 autem
676 1033 723 1081 est
752 1023 898 1080 insiticios
921 1041 990 1080 esse
1014 1025 1154 1080 eiusdem
1178 1024 1299 1082 fabulae

206 1143 231 1184 v.
257 1120 470 1201 745—747¹):
503 1120 591 1184 ἔστιν
614 1116 641 1184 δ’
665 1119 700 1184 ἐν
723 1119 810 1203 ὄλβῳ
833 1119 884 1182 καὶ
910 1117 978 1184 τόδ’
1003 1119 1061 1183 οὐκ
1084 1118 1190 1199 ὀρθῶς
1213 1120 1300 1200 ἔχον,

205 1222 361 1301 εὐψυχίας
398 1222 543 1301 δόκησις·
581 1219 737 1298 οἰόμεσθα
776 1221 837 1298 γὰρ
876 1220 934 1284 τὸν
968 1219 1166 1299 εὐτυχοῦντα
1205 1221 1298 1285 πάντ’

204 1322 395 1386 ἐπίστασθαι
417 1326 533 1400 καλῶς.
571 1326 601 1383 Si
616 1327 744 1400 primam
765 1324 853 1382 huius
873 1326 1046 1383 sententiae
1065 1334 1183 1401 partem
1203 1327 1298 1400 respi-

202 1425 327 1493 ciemus,
350 1421 483 1499 δόκησις
511 1432 663 1482 vertemus
686 1418 819 1498 ‘opinio',
843 1425 868 1480 si
890 1423 1017 1482 alteram
1038 1434 1166 1498 partem,
1190 1424 1298 1482 melius

202 1520 357 1599 ‘speciem'
372 1525 646 1601 interpretabimur.
669 1525 778 1582 Elucet
801 1533 905 1582 autem
924 1525 981 1582 hos
997 1543 1102 1583 versus
1126 1544 1228 1600 neque
1243 1543 1298 1601 per

205 1643 238 1682 se
259 1627 373 1683 bouum
405 1643 528 1683 sensum
550 1625 663 1682 habere
696 1643 798 1700 neque
832 1644 902 1682 cum
929 1626 972 1682 eis
1000 1643 1080 1701 quae
1109 1627 1299 1700 praecedunt

204 1727 278 1785 satis
302 1727 476 1786 cohaerere.
521 1726 683 1802 Compilati
707 1727 752 1784 vel
774 1728 875 1801 potius
890 1729 1010 1785 consuti
1032 1737 1103 1785 sunt
1126 1746 1163 1785 ex
1186 1728 1298 1786 frustu-

203 1828 239 1885 lis
261 1829 434 1902 Euripideis
458 1829 496 1886 ab
512 1828 741 1902 interpolatore,
763 1829 814 1902 qui
838 1828 973 1885 studium
988 1827 1199 1904 philosophiae
1215 1847 1299 1887 ama·

201 1929 264 1997 bat,
286 1928 324 1988 cf.
348 1930 381 1990 fr.
406 1931 464 1987 inc.
493 1927 570 1986 1006
592 1925 651 1989 τόν
673 1924 871 2002 εὐτυχοῦντα
894 1925 945 1987 καὶ
967 1929 1102 2004 φρονεῖν
1117 1926 1295 2004 νομίζομεν.

202 2029 238 2086 In
258 2030 324 2087 Ion.
359 2049 384 2087 v.
413 2029 489 2087 1602
521 2025 562 2090 ‘iv’
585 2026 604 2103 ἡ
628 2026 761 2103 δόκησις
783 2025 913 2090 Ξοῦθον
936 2027 1042 2104 ἡδέως
1065 2025 1130 2110 ἔχῃ,
1157 2032 1208 2105 qui
1232 2049 1295 2086 ver·

203 2149 255 2188 sus
276 2148 373 2207 prope
395 2132 516 2189 accedit
542 2133 584 2188 ad
605 2131 697 2191 Herc.
726 2151 751 2191 v.
778 2129 847 2200 288,
876 2127 1009 2205 δόκησις
1039 2131 1111 2187 nihil
1139 2132 1222 2188 aliud
1250 2141 1296 2190 est

202 2251 293 2308 quam
316 2232 428 2306 opinio.
451 2232 486 2288 ln
509 2230 560 2290 Or.
577 2251 603 2290 v.
617 2231 678 2304 636
702 2228 741 2306 μή
764 2249 823 2292 νυν
844 2228 975 2306 πέραινε
998 2229 1057 2305 τὴν
1080 2228 1214 2307 δόκησιν
1237 2235 1297 2308 sig·

200 2333 302 2391 nificat
323 2329 456 2408 δόκησις
479 2351 548 2390 eam
570 2333 755 2406 opinionem,
780 2350 872 2408 quam
904 2332 996 2389 homo
1028 2342 1150 2391 acturus
1181 2334 1296 2409 aliquid

200 2435 345 2508 sequitur,
368 2434 396 2494 h.
420 2451 447 2492 e.
471 2434 640 2502 consilium,
663 2441 697 2491 ut
718 2432 844 2489 Weilius
868 2433 1005 2492 adnotat.
1049 2434 1145 2491 Aliter
1162 2434 1221 2492 hoc
1241 2453 1295 2492 vo·

200 2535 340 2592 cabulum
373 2552 406 2592 se
441 2534 534 2592 habet
556 2535 586 2590 iu
609 2534 705 2591 Andr.
738 2553 765 2593 v,
788 2531 865 2607 696:
889 2528 958 2593 ἀλλ’
982 2529 1001 2592 ὁ
1023 2532 1206 2609 στρατηγός
1236 2532 1295 2607 τὴν

199 2630 333 2709 δόκησιν
348 2629 491 2710 ἄρνυται.
531 2632 669 2708 Opponit
692 2634 773 2690 euim
787 2642 882 2708 poeta
904 2634 1047 2691 militibus
1062 2635 1219 2708 gregariis
1242 2635 1293 2707 qui

201 2735 265 2792 sine
287 2734 386 2792 laudis
408 2735 512 2810 specie
536 2734 655 2791 labores
678 2751 801 2809 pugnae
826 2734 902 2790 serre
919 2734 1044 2802 debent,
1068 2734 1293 2808 imperatorem,

200 2836 251 2908 qui
275 2830 408 2909 δόκησιν
431 2852 530 2891 rerum
546 2841 703 2909 gestarum
717 2842 862 2908 reportat.
897 2832 1067 2890 Scholiasta
1093 2841 1196 2890 autem
1210 2833 1294 2891 haud

197 2937 240 2994 ita
276 2945 420 2993 accurate
457 2931 591 3010 δόκησιν
630 2936 848 3009 interpretatur
881 2929 993 3007 δόξαν,
1031 2933 1090 2993 vol.
1123 2932 1167 2989 lV
1200 2932 1292 2992 Dind.

199 3055 227 3111 p.
256 3052 312 3110 179
346 3031 508 3112 λαμβάνει,
539 3031 698 3109 κομίζεται
731 3034 788 3109 τῆς
821 3030 909 3109 νίκης
942 3031 1000 3106 τὴν
1033 3029 1140 3095 δόξαν.
1184 3034 1296 3090 Restat

198 3146 302 3195 autem
324 3137 412 3194 nobis
435 3155 473 3193 ex
504 3138 690 3210 integrarum
712 3135 882 3193 fabularum
909 3152 1037 3210 corpore
1069 3152 1163 3191 unum
1191 3153 1294 3192 exem·

197 3240 289 3313 plum,
313 3238 398 3313 quod
419 3246 521 3295 exstat
548 3238 580 3293 in
602 3236 649 3293 El.
673 3255 699 3292 v.
723 3234 799 3308 381:
822 3230 889 3297 οὐτ’
914 3230 954 3295 αὐ
978 3232 1110 3310 δοκήσει
1132 3231 1293 3311 δωμάτων

199 3333 401 3412 ὠγκωμένος.
447 3336 536 3408 Quae
571 3336 663 3394 verba
687 3335 808 3394 Weilius
839 3345 871 3394 et
904 3337 1006 3393 Fixius
1037 3337 1293 3411 interpretantur:

195 3434 311 3513 ‘neque
326 3439 428 3513 gentis
451 3438 609 3495 nobilitate
632 3437 740 3506 elatus,
764 3439 782 3494 i.
800 3455 827 3495 e.
851 3431 974 3494 clarus’:
1000 3437 1173 3495 accuratius
1189 3445 1294 3495 autem

200 3557 257 3597 nos
281 3540 513 3614 explicabimus:
549 3534 666 3612 ‘specie
701 3540 748 3595 vel
783 3539 946 3612 splendore
980 3533 1112 3596 domus'.
1156 3537 1234 3596 Nam
1262 3539 1293 3596 in

200 3641 347 3715 Euripide
369 3640 493 3696 omnino
515 3640 603 3696 nobis
627 3640 798 3696 cavendum
819 3647 876 3706 est,
900 3656 938 3695 ne
954 3634 1087 3712 δόκησιν
1102 3640 1292 3697 commodius

197 3758 290 3815 quam
305 3741 415 3797 rectius
430 3748 584 3796 vertamus
597 3733 787 3797 ‘claritatem'
803 3740 849 3796 vel
861 3734 1016 3813 ‘gloriam'.
1040 3738 1118 3796 Cum
1130 3740 1173 3796 eis
1188 3759 1292 3796 exem·

196 3841 264 3915 plis,
293 3858 373 3916 quae
401 3840 502 3897 adhuc
525 3841 729 3908 tractavimus
761 3840 840 3897 bene
864 3848 1037 3915 congruunt
1061 3841 1117 3897 tria
1142 3840 1291 3914 exempla,

298 4070 322 4135 1)
341 4070 411 4119 Satis
429 4071 522 4120 mirum
541 4078 589 4130 est,
610 4071 681 4135 quod
700 4071 767 4120 hauc
780 4070 1012 4137 interpolationem
1025 4079 1096 4121 recte
1116 4073 1216 4120 invenit
1233 4073 1289 4122 1.1.

197 4159 269 4218 Oeri,
289 4159 334 4223 qui
354 4165 393 4208 tot
412 4175 453 4208 res
472 4160 645 4209 incredibiles
663 4160 803 4210 somniavit
821 4161 848 4209 in
867 4161 1012 4211 novissimo
1032 4176 1081 4210 suo
1101 4160 1209 4212 libello:
1238 4161 1290 4209 Die

195 4263 286 4310 grosse
305 4248 481 4313 Responsion
500 4264 539 4314 sq.
558 4247 597 4315 (p.
613 4246 668 4314 35).
