2992 4920
726 365 757 420 51

195 547 261 604 τος,
284 523 302 590 ὅ
325 525 395 589 ἐστι
426 525 537 602 καιροῦ
570 521 680 601 αὐτοῖς
712 521 850 602 ἥκοντος
873 520 919 603 εἰς
942 526 980 589 τὸ
1013 523 1188 589 ἀποθανεῖν
1212 521 1290 587 ἀπο-

196 627 419 708 γεγηρακόσιν.
464 631 526 688 Sed
548 630 657 687 audias
679 629 759 687 hanc
786 648 909 706 quoque
931 631 1188 699 observationem,
1212 647 1291 705 quae

195 754 297 793 meam
317 734 565 810 desperationem
588 733 680 792 auxit.
725 731 855 791 Constat
872 735 953 791 enim
975 735 1053 792 inter
1078 734 1156 791 viros
1180 734 1291 791 doctos

197 837 393 912 Lentingium
429 835 595 892 rectissime
629 833 757 892 eiecisse
790 852 827 892 ex
854 853 967 910 magna
989 837 1113 894 Admeti
1136 835 1291 894 declama·

198 940 292 1009 tione,
326 956 418 1013 quam
449 945 557 994 contra
590 951 708 1011 patrem
730 937 824 995 iactat
846 931 1040 1016 (dap—672)
1065 957 1092 997 v.
1113 935 1290 1012 651-652,

197 1058 274 1116 quos
297 1039 416 1097 effictos
438 1055 507 1095 esse
529 1055 567 1094 ex
590 1046 715 1094 nostrae
730 1039 876 1096 orationis
893 1058 918 1099 v.
935 1040 1100 1115 295-296
1116 1040 1163 1096 vel
1179 1055 1291 1097 caecus

196 1141 288 1199 homo
310 1141 415 1198 videre
447 1146 561 1214 potest.
605 1136 807 1196 Nihilominus
836 1139 912 1198 haec
942 1158 989 1198 res
1011 1159 1066 1216 per
1088 1159 1122 1199 se
1142 1140 1291 1215 suspicio·

195 1259 266 1299 nem
287 1258 411 1298 movere
442 1257 506 1297 non
539 1235 642 1306 debet,
677 1240 762 1313 quod
793 1240 917 1297 omnino
951 1242 1065 1299 multae
1098 1240 1292 1298 inveniuntur

196 1342 409 1400 similitudines
442 1342 473 1398 in
507 1347 636 1414 utraque
669 1340 818 1401 oratione.
864 1341 983 1398 Tamen
1005 1342 1064 1399 hoc
1086 1343 1160 1399 satis
1184 1341 1292 1398 mirum

197 1451 254 1513 est,
277 1444 363 1517 quod
383 1461 409 1501 v.
426 1440 496 1514 643,
520 1442 572 1516 qui
595 1458 662 1498 eam
686 1441 824 1498 continet
837 1444 1029 1516 sententiam,
1047 1461 1127 1517 quae
1143 1444 1175 1500 in
1189 1462 1216 1500 v.
1231 1457 1287 1517 291

197 1544 401 1611 desideratur,
438 1543 556 1599 eisdem
593 1542 656 1599 fere
692 1542 847 1600 vocabulis
887 1545 1065 1602 terminatur
1099 1545 1207 1619 quibus
1242 1544 1292 1601 ille

197 1641 298 1722 (ἥκων
322 1638 414 1721 βίου).
459 1643 547 1701 Talia
570 1652 674 1700 autem
702 1643 815 1701 indicia
842 1662 906 1700 non
938 1663 1008 1702 esse
1031 1646 1206 1721 spernenda
1228 1645 1292 1701 elu-

198 1748 279 1805 cebit
301 1764 339 1803 ex
361 1747 415 1815 eis,
440 1763 520 1821 quae
542 1744 621 1802 infra
644 1744 683 1801 de
705 1743 845 1801 Herculis
867 1746 1005 1804 oratione
1019 1743 1098 1824 (Alc.
1113 1740 1293 1822 773-803)

197 1848 421 1924 indagabimus

297 1949 409 2006 Denuo
442 1948 626 2005 offendimus
659 1948 689 2004 in
721 1966 747 2007 v.
774 1944 956 2019 314-316,
989 1947 1028 2003 de
1060 1947 1170 2021 quibus
1203 1945 1293 2002 latius

165 2032 169 2040 ¹
199 2052 355 2127 disputare
377 2051 407 2107 in
431 2051 533 2107 animo
563 2049 665 2118 habui,
699 2058 864 2124 antequam
889 2049 1041 2124 legissem,
1064 2066 1143 2122 quae
1166 2046 1294 2119 Kvipala

197 2150 230 2230 (l.
243 2152 260 2213 l.
272 2172 302 2228 p.
316 2145 431 2226 7-11)
447 2152 488 2207 de
509 2151 555 2208 his
578 2151 713 2208 versibus
729 2151 880 2225 sagaciter
896 2151 1049 2209 disseruit.
1075 2149 1164 2208 Nunc
1179 2159 1293 2218 autem,

198 2272 268 2312 cum
290 2253 331 2311 de
353 2252 494 2310 omnibus
517 2251 580 2308 fere
603 2252 693 2309 rebus
716 2270 786 2309 cum
807 2251 933 2323 Kvicala
962 2251 1163 2319 consentiam,
1186 2251 1294 2327 paucis

198 2353 297 2412 verbis
320 2360 485 2410 contentus
507 2370 570 2412 eru.
605 2342 690 2409 'Mihi
705 2353 786 2409 enim
802 2352 1003 2409 certissimum
1018 2359 1065 2408 est
1085 2370 1111 2410 v.
1128 2349 1293 2425 314-316

198 2472 268 2513 esse
290 2453 495 2520 damnandos,
527 2454 584 2510 sed
619 2471 646 2512 v.
664 2451 841 2526 308-310,
875 2452 984 2526 quibus
1017 2452 1097 2508 bene
1128 2451 1295 2509 absolvitur

199 2555 381 2631 vituperatio
404 2572 614 2622 novercarum,
632 2563 716 2611 recte
739 2571 808 2611 esse
825 2562 961 2610 servatos
978 2561 1010 2610 et
1025 2552 1170 2610 defensos
1186 2561 1295 2610 contra

114 2698 117 2703 -
197 2656 363 2715 Hirzelium
385 2647 429 2734 (p.
443 2651 496 2731 88)
522 2675 541 2713 a
563 2655 691 2724 Prinzi0,
713 2655 878 2712 novissimo
905 2654 991 2712 huius
1020 2654 1141 2712 fabulae
1164 2654 1294 2723 editore,

198 2766 230 2816 et
250 2777 268 2815 a
290 2758 429 2830 Kvicala.
473 2758 513 2815 Et
547 2757 607 2816 hoc
640 2760 849 2835 unusquisque
872 2760 956 2817 videt
984 2761 1094 2830 omnia,
1119 2779 1199 2836 quae
1222 2768 1294 2836 post

198 2877 225 2917 v.
241 2874 303 2931 310
327 2859 367 2915 de
399 2875 531 2914 noverca
565 2857 649 2914 dicta
680 2867 761 2925 sunt,
795 2859 916 2916 turbare
943 2860 1158 2918 molestissime
1181 2861 1294 2917 bonam

200 2958 346 3018 orationis
382 2958 573 3016 divisionem.
646 2958 711 3017 Iam
743 2959 817 3016 satis
851 2960 999 3017 Alcestidi
1033 2977 1214 3036 persuasum
1246 2966 1295 3016 est

198 3060 365 3117 Admetum
386 3077 497 3117 novam
519 3059 681 3118 mulierem
708 3078 787 3134 non,
805 3078 874 3118 esse
904 3062 1067 3118 ducturum
1087 3062 1119 3118 in
1139 3060 1293 3118 matrimo-

197 3160 295 3217 nium:
329 3159 433 3234 itaque
461 3160 492 3217 in
526 3178 553 3218 v.
577 3174 649 3232 311,
673 3175 743 3234 313,
767 3175 933 3236 317-319
967 3161 1087 3219 disserit
1119 3163 1159 3219 de
1193 3161 1293 3218 futura

133 3330 135 3334 7
198 3277 323 3317 suorum
353 3259 515 3316 liberorum
544 3260 728 3318 condicione
763 3269 795 3319 et
828 3262 981 3336 imprimis,
1005 3271 1039 3319 ut
1062 3279 1163 3318 rerum
1185 3269 1295 3318 natura

199 3360 266 3430 fert,
289 3361 330 3417 de
352 3359 443 3418 filiola
466 3378 531 3420 sua.
570 3360 649 3418 Nam
682 3362 723 3419 de
756 3379 863 3436 pue10,
891 3364 931 3420 de
960 3380 1021 3438 quo
1043 3362 1143 3420 minus
1164 3362 1295 3420 sollicita

199 3470 256 3528 est,
291 3480 385 3519 unum
416 3460 508 3518 habet
542 3480 662 3519 versum
698 3479 754 3536 311
792 3459 843 3523 καὶ
864 3463 938 3537 παῖς
966 3461 1024 3538 μὲν
1056 3458 1161 3538 ἄρσην
1183 3459 1293 3537 πατέρ’
1315 3450 1336 3489 ,s

199 3558 265 3637 ἔχει
285 3558 410 3637 πύργον
433 3558 542 3636 μέγαν.
586 3562 665 3620 Nam
687 3583 714 3622 v.
727 3578 786 3635 312
811 3559 850 3624 liv
872 3560 923 3623 καὶ
942 3563 1099 3639 προσεῖπε
1121 3561 1173 3623 καὶ
1194 3575 1294 3639 προσ-

200 3659 316 3738 ερρήθη
356 3659 472 3738 πάλιν,
514 3681 606 3737 quem
645 3663 808 3721 Piersonus
851 3664 922 3720 olim
962 3664 1115 3739 Euripidis
1150 3665 1293 3722 Manibus

197 3764 352 3833 mactavit,
383 3771 489 3820 nostro
512 3764 637 3821 saeculo
670 3782 761 3821 nemo
785 3783 822 3820 ex
848 3763 929 3822 Orco
952 3783 1097 3822 revocare
1119 3773 1231 3839 potest,
1253 3763 1320 3822 nel

198 3864 352 3923 Meklerus
368 3865 502 3939 quidem,
525 3866 576 3940 qui
592 3863 744 3943 (Euripid.
766 3885 795 3940 p.
813 3862 950 3941 21-24)
973 3867 1012 3923 de
1029 3865 1087 3924 hoc
1103 3884 1191 3924 versu
1206 3861 1294 3923 ‘nau-

200 3959 305 4041 frago’
326 3967 450 4040 longam
472 3974 503 4022 et
518 3967 592 4023 satis
607 3966 741 4041 lepidam
757 3967 899 4024 fabellam
913 3975 1024 4027 narrat.
1048 3967 1175 4026 Conicio
1192 3977 1295 4025 autem

199 4084 225 4122 v.
241 4081 302 4138 312
326 4045 474 4142 originem
508 4067 614 4123 deberi
648 4065 832 4124 scholiorum
865 4068 1070 4141 explicationi,
1105 4086 1196 4144 quam
1217 4069 1293 4125 miro

198 4167 293 4224 modo
325 4185 386 4224 uno
418 4167 547 4239 Kvicala
578 4177 709 4242 excepto
742 4168 845 4226 adhuc
877 4169 1078 4244 neglexerunt
1113 4170 1165 4226 viri
1200 4169 1293 4228 docti.

199 4268 280 4328 Puto
303 4269 384 4326 enim
405 4277 528 4345 praeter
549 4287 643 4328 unum
667 4286 786 4326 versum
809 4286 866 4344 311
898 4270 970 4328 nihil
993 4272 1034 4328 de
1064 4289 1161 4346 puero
1182 4270 1293 4345 legisse

1316 3939 1330 3973 v
