2992 4920
482 731 543 804 De
571 731 683 803 Herc.
711 756 746 803 v.
772 737 888 825 562-
898 738 978 826 582.

284 937 359 994 Mihi
391 936 592 994 certissimum
625 944 672 994 est
703 936 845 996 Herculis
879 940 1049 997 orationem
1085 934 1126 1020 (v.
1144 941 1203 1016 562
1220 936 1280 1021 sq.)

185 1038 258 1094 olim
279 1038 358 1096 hanc
380 1038 525 1095 habuisse
548 1038 730 1095 clausulam:

246 1140 291 1219 τῷ
314 1134 375 1213 γάρ
398 1141 428 1213 μ’
451 1133 583 1213 ἀμύνειν
608 1137 731 1213 μᾶλλον
752 1135 771 1213 ἢ
796 1134 931 1215 δάμαρτι
953 1138 1011 1216 χρὴ

171 1229 175 1233 ’
246 1236 297 1299 καὶ
312 1236 403 1300 παισὶ
418 1236 469 1299 καὶ
484 1235 609 1300 τεκόντι
620 1237 702 1316 (Wil.
716 1240 753 1298 A.
766 1258 795 1314 p.
810 1242 896 1314 229);
913 1238 1093 1317 χαιρόντων
1107 1241 1211 1306 πόνοι.

181 1341 261 1398 Nam
283 1359 390 1398 omnes
424 1341 475 1416 qui
508 1349 652 1398 secuntur
674 1358 778 1399 versus
805 1359 903 1416 usque
926 1344 968 1401 ad
989 1363 1016 1405 v.
1034 1345 1093 1419 582
1117 1336 1293 1422 tantopere'

183 1441 376 1516 putidissima
399 1441 551 1501 histrionis
573 1442 680 1500 nescio
705 1443 790 1500 cuius
806 1443 958 1517 sapientia
976 1446 1105 1516 scatent,
1129 1456 1162 1505 ut
1177 1466 1279 1524 neque

183 1541 249 1602 Wil.
273 1560 374 1618 neque
398 1541 576 1600 Wheelerus
598 1538 640 1619 (p.
657 1539 722 1619 67),
746 1545 797 1619 qui
820 1561 926 1602 omnes
942 1544 998 1603 hos
1015 1565 1118 1605 versus
1133 1543 1279 1624 (excepto

181 1663 208 1704 v.
226 1642 296 1719 576,
320 1663 411 1720 quem
433 1644 611 1702 Wheelerus
634 1662 703 1702 curn
722 1644 931 1703 Herwerdeno
950 1644 1045 1725 delet)
1070 1666 1125 1722 pro
1148 1650 1230 1706 sanis
1248 1658 1280 1706 et

182 1762 252 1801 vere
274 1744 447 1821 Euripideis
471 1747 597 1814 ducunt,
620 1745 692 1802 mihi
714 1747 929 1804 auctoritatem
958 1747 1047 1806 huius
1074 1749 1279 1808 additamenti

182 1864 295 1920 augere
318 1848 445 1921 possint.
490 1847 622 1904 Primum
638 1855 743 1904 autem
765 1847 814 1904 hic
836 1864 959 1923 quoque
976 1866 1052 1924 opus
1075 1858 1122 1908 est
1145 1869 1279 1908 comme·

180 1966 300 2006 morare
332 1948 406 2006 illud
436 1950 610 2023 exemplum
640 1949 883 2023 interpolationis
915 1949 1093 2019 simillimae,
1112 1953 1197 2026 quod
1218 1954 1279 2009 iam

182 2066 275 2123 supra
303 2049 467 2123 tetigimus,
502 2050 572 2106 dico
602 2048 724 2107 Heracl.
755 2068 782 2106 v.
806 2047 982 2122 456-460,
1020 2069 1098 2125 quos
1121 2051 1278 2111 Vsenerus

183 2149 283 2218 eiecit,
306 2152 380 2208 dum
402 2150 535 2207 restituit
568 2151 649 2207 hunc
680 2150 847 2224 legitimum
874 2159 905 2208 et
927 2153 1092 2226 genuinum
1113 2153 1189 2211 Iolai
1211 2173 1280 2212 ora·

181 2251 272 2308 tionis
294 2252 468 2308 terminum:

401 2348 440 2413 αὐ
464 2351 569 2427 φιλεῖν
587 2351 640 2412 ’δεῖ
661 2348 719 2425 τὴν
742 2349 821 2427 ἐμὴν
843 2349 963 2426 ψυχήν
985 2347 1051 2412 ἴτω.

182 2453 305 2510 Deinde
340 2471 431 2527 supra
464 2471 493 2526 p.
526 2450 650 2526 38—40
682 2453 757 2509 satis
790 2471 942 2528 superque
978 2455 1198 2528 disputavimus
1236 2458 1277 2514 de
1324 2444 1326 2447 ¹

181 2554 258 2612 falsa
280 2554 317 2622 vi,
341 2571 432 2628 quam
454 2554 545 2610 verbo
569 2550 716 2614 ἐκπονεῖν
743 2555 905 2629 supposuit
931 2565 1038 2611 auctor
1064 2575 1091 2613 v.
1109 2555 1178 2628 581.
1215 2557 1279 2614 Sed

181 2655 310 2730 nequis
343 2662 430 2728 putet
464 2672 501 2710 ex
538 2655 714 2712 coniectura
745 2654 898 2729 Hartungi
927 2649 1089 2732 (ἐκπονεῖν
1120 2651 1277 2733 σωτήρια)

182 2755 286 2812 aliisve
314 2756 497 2812 coniecturis
524 2772 626 2812 veram
656 2756 784 2813 salutem
806 2773 898 2830 posse
920 2756 1048 2812 inveniri
1069 2765 1175 2814 nostro
1198 2759 1276 2827 locu,

181 2864 299 2914 ceteras
322 2857 430 2914 horum
453 2874 595 2913 versuum
617 2856 804 2914 insulsitates
820 2864 851 2913 ct
870 2856 1066 2914 difficultates
1086 2876 1168 2916 nuuc
1191 2867 1277 2932 pate-

181 2957 337 3017 faciemus.
383 2958 445 3015 Suo
475 2958 565 3032 igitur
592 2957 656 3014 iure
688 2957 914 3014 Herwerdenus
937 2955 1002 3031 (Ad
1025 2958 1201 3034 Euripidem
1223 2959 1273 3017 Tr.

180 3058 238 3117 Rh.
265 3057 343 3134 1876
365 3078 395 3133 p.
412 3055 463 3134 20)
486 3059 606 3116 censuit
627 3077 654 3118 v.
671 3056 731 3133 576

350 3156 452 3235 μάτην
469 3156 530 3234 γὰρ
554 3155 674 3233 αὐτοὺς
695 3158 798 3220 τῶνδε
821 3158 944 3233 μᾶλλον
966 3156 1072 3234 ἤνυσα

179 3280 249 3320 esse
271 3270 472 3338 provocatum
495 3270 568 3337 apta
588 3270 701 3338 poetae
724 3262 974 3336 breviloquentia.
1003 3262 1065 3319 Sed
1083 3261 1162 3318 hanc
1177 3261 1275 3336 ipsam

181 3364 337 3422 concisam
360 3364 502 3421 dictionis
524 3363 704 3421 brevitatem
719 3363 919 3438 interpolator
940 3382 965 3422 v.
983 3361 1043 3439 576
1066 3362 1200 3419 imitatus
1217 3369 1274 3431 est,

129 3496 134 3501 -
179 3465 222 3521 ita
244 3465 369 3539 quidem
389 3474 423 3521 ut
445 3465 551 3521 falsam
567 3474 597 3521 et
618 3465 777 3521 insuavem
791 3464 1009 3521 obscuritatem
1026 3471 1274 3536 consequeretur.

181 3566 230 3622 An
263 3565 330 3640 quis
362 3565 439 3623 feret
471 3566 544 3623 illud
574 3565 686 3640 τῶνδε,
714 3567 799 3640 quod
820 3565 1084 3639 interpretandum
1105 3572 1153 3620 est
1173 3563 1276 3623 τῶνδε

180 3665 246 3726 τῶν
279 3662 465 3740 μελλόντων
497 3662 618 3741 πόνων,
649 3667 828 3741 praesertim
863 3683 931 3722 eum
956 3664 986 3721 in
1015 3672 1166 3738 sequente
1188 3681 1276 3721 versu

180 3764 283 3825 τῶνδε
306 3775 339 3822 et
360 3761 426 3827 οἵδε
449 3777 534 3825 recte
556 3767 725 3825 referantur
744 3768 785 3824 ad
806 3773 1001 3841 praesentem
1023 3763 1164 3820 Herculis
1188 3762 1275 3820 fami·

180 3862 271 3922 liam?
293 3865 494 3925 Nihilominus
518 3887 544 3926 ν.
562 3867 621 3942 576
643 3885 706 3924 non
730 3868 787 3923 erit
814 3866 1004 3940 separandus
1027 3865 1065 3920 ab
1088 3864 1275 3939 insequenti·

178 3965 236 4023 bus
259 3968 406 4036 versibus,
429 3987 498 4025 cum
520 3969 607 4043 quasi
638 3985 716 4042 pons
745 3968 869 4042 quidam
892 3967 1138 4023 additamentum
1160 3963 1272 4021 falsarii

180 4084 249 4123 cum
272 4070 407 4126 versibus
430 4087 500 4125 vere
522 4069 695 4143 Euripideis
716 4068 891 4141 coniungat.
935 4066 1050 4140 Vtique
1068 4066 1148 4123 male
1164 4064 1273 4121 cohae-

179 4177 258 4225 reret
278 4188 304 4228 v.
323 4183 381 4244 577
405 4164 469 4248 (καὶ
492 4169 540 4229 δεῖ
554 4165 599 4244 μ’)
623 4187 692 4226 cum
706 4188 732 4228 v.
749 4182 819 4243 575,
842 4175 1037 4242 exspectares
1057 4185 1112 4241 pro
1135 4162 1187 4225 καὶ
1202 4161 1272 4238 -ἢ

179 4265 217 4332 οὐ
235 4269 281 4326 vel
298 4269 346 4331 δεῖ
360 4265 420 4348 γάρ
436 4268 466 4345 μ’
489 4270 552 4331 κτλ.
597 4270 659 4331 Sed
692 4269 847 4328 mittamus
879 4267 933 4324 has
966 4266 1153 4345 quisqu'dias
1192 4264 1275 4341 Quid
