2992 4920
739 326 774 381 40

204 490 316 547 eodem
348 490 419 547 vitio
448 490 577 562 laborat,
613 508 675 565 quo
709 492 749 549 illi
777 492 919 551 Herculis
956 510 1061 550 versus
1094 508 1155 568 309
1178 502 1210 553 et
1233 491 1305 569 581,

204 594 351 666 quodque
369 599 470 649 exstat
488 592 518 648 in
536 591 656 652 Heracl.
675 611 700 652 v.
716 607 794 667 495:
826 588 1121 670 ἐξαμηχανήσομεν.
1156 594 1307 653 Hirzelius

203 701 317 761 autem,
341 694 392 768 qui
415 694 537 768 egregie
564 694 731 768 disputavit
761 696 800 751 de
833 713 860 752 v.
885 709 1062 770 494—497,
1092 713 1169 770 quos
1191 696 1229 755 N.
1257 716 1307 755 se-

204 803 293 852 cutus
313 795 479 863 damnavit,
512 795 681 852 rectissime
713 795 789 851 dixit
811 795 889 853 haec
922 791 964 871 (p.
989 792 1142 874 38-39):
1176 792 1304 856 ‘Prodi-

203 894 325 969 giosum
346 903 395 953 est
409 891 696 971 ἐξαμηχανήσομεν
717 897 851 965 verbum,
875 896 900 952 si
924 896 1010 970 quid,
1033 915 1072 954 ex
1090 897 1211 973 linguae
1231 899 1305 974 legi-

206 996 263 1052 bus
287 1003 370 1052 certe
392 1013 455 1052 nou
477 994 537 1054 hoc
559 997 744 1072 significans,
771 998 857 1071 quod
883 997 1074 1072 praecipiunt
1101 999 1304 1074 interpretes:

203 1090 253 1153 ‘se
279 1114 316 1153 ex
338 1098 486 1170 angustiis
512 1092 662 1155 liberare'.
700 1099 817 1155 Ansam
833 1107 938 1155 autem
951 1099 1157 1173 praebuerunt
1169 1101 1303 1171 falsario,

204 1199 256 1273 qui
278 1199 338 1256 hoc
359 1199 462 1255 nobile
484 1200 608 1256 verbum
631 1198 725 1266 linxit,
749 1208 781 1256 et
804 1201 990 1258 adiectivum
1013 1194 1188 1276 ἀμήχανος,
1218 1203 1304 1272 quod

202 1299 354 1356 invenitur
376 1300 408 1355 in
430 1318 456 1358 v.
482 1299 543 1373 464
565 1309 596 1356 et
617 1315 678 1374 472
702 1309 735 1357 et
756 1300 828 1375 487,
859 1309 890 1357 et
917 1302 1044 1358 verbum
1066 1295 1303 1377 ἀμηχανοῦμεν,

203 1401 288 1471 quod
310 1408 412 1459 exstat
433 1400 464 1457 in
487 1419 513 1462 v.
536 1397 640 1480 492¹).

305 1633 330 1702 1)
351 1633 540 1699 Disputaturus
560 1647 630 1681 eram
649 1632 728 1681 etiarn
748 1633 782 1681 de
801 1633 883 1682 verbo
903 1633 1126 1696 συνεκκλέπτειν,
1146 1638 1219 1702 quod
1238 1639 1302 1688 satis

203 1724 328 1773 audacter
357 1722 499 1770 adhibetur
517 1721 544 1768 in
562 1719 605 1771 El.
627 1737 651 1769 v.
671 1721 732 1783 364.
767 1720 822 1769 Sed
840 1721 905 1770 mihi
924 1721 1020 1771 melius
1040 1723 1125 1773 visum
1145 1731 1186 1774 est
1203 1726 1238 1775 de
1256 1726 1301 1778 El.

202 1829 226 1864 v.
246 1810 397 1875 364-366,
416 1810 535 1875 quamvis
553 1809 657 1875 possint
674 1809 828 1869 desiderari,
850 1825 919 1859 nunc
938 1826 991 1859 non
1011 1811 1164 1864 diiudicare.
1200 1815 1300 1864 Tamen

202 1915 294 1966 pauca,
311 1914 380 1965 quae
399 1899 462 1947 satis
479 1905 549 1947 certa
567 1906 637 1961 sunt,
656 1898 790 1948 adnotabo
810 1898 844 1946 de
863 1899 972 1948 Orestae
1001 1900 1128 1961 oratione,
1159 1917 1226 1966 quae
1249 1901 1300 1951 hos

201 2004 293 2037 versus
321 1987 447 2053 sequitur.
494 1987 535 2035 De
563 2003 615 2051 qua
646 1987 744 2052 optime
772 1986 867 2035 meruit
890 1987 957 2038 Wil.
977 1987 1012 2035 A.
1031 2003 1057 2052 p.
1078 2000 1225 2051 190-193‚
1254 1989 1301 2054 qui

201 2092 289 2126 veram
308 2077 420 2126 Orestae
439 2075 659 2123 declamationem
679 2074 730 2123 sibi
750 2074 899 2124 restituisse
916 2074 1026 2127 videtur.
1057 2077 1111 2125 Sed
1129 2083 1174 2126 aut
1192 2077 1299 2127 omnino

201 2164 280 2214 fallor
299 2171 343 2213 aut
361 2164 476 2226 genuina
494 2163 573 2213 huius
594 2163 720 2213 orationis
740 2163 823 2213 forma
846 2163 964 2212 nondum
988 2164 1095 2214 inventa
1114 2172 1161 2215 est.
1199 2167 1298 2215 Verum
1353 2200 1356 2205 .

199 2254 307 2319 quidem
316 2260 365 2312 est,
385 2253 458 2318 quod
472 2251 539 2303 Wil.
554 2252 628 2310 dicit,
647 2268 670 2302 v.
682 2251 832 2314 386-390,
852 2251 914 2300 dum
932 2267 980 2318 per
996 2268 1025 2301 se
1044 2260 1201 2319 spectantur,
1220 2254 1299 2303 nobis

199 2321 327 2405 priebere
347 2343 521 2403 fragmentum
540 2340 669 2405 Euripide
695 2340 887 2402 dignissimum.
930 2339 1111 2391 Nihilominus
1129 2349 1238 2408 propter
1256 2343 1300 2390 de-

200 2431 331 2494 speratam
349 2430 429 2478 huius
449 2445 560 2478 scaenae
591 2429 701 2478 formam
729 2428 793 2477 licet
822 2429 945 2479 conicere
964 2428 1031 2480 hanc
1051 2431 1253 2496 explicationem
1272 2431 1299 2478 in

198 2517 311 2582 pristino
338 2518 527 2567 sententiarum
553 2517 646 2566 ordine
669 2517 767 2565 iustum
800 2516 927 2566 habuisse
947 2516 1044 2569 locum,
1091 2520 1185 2580 Longe
1213 2525 1299 2567 autem

199 2605 275 2654 aliter
293 2605 464 2655 iudicandum
484 2611 524 2654 est
545 2605 579 2653 de
592 2621 615 2656 v.
628 2616 768 2669 374—379
790 2602 861 2672 (nam
877 2621 900 2654 v.
915 2616 965 2669 373
986 2607 1084 2655 servari
1102 2606 1211 2673 potest),
1231 2623 1298 2671 quos

198 2709 333 2758 nunquam
363 2694 397 2742 ab
416 2693 544 2758 Euripide
568 2693 617 2742 hac
636 2709 687 2759 qua
706 2708 775 2742 nunc
795 2700 898 2742 exstant
918 2693 1002 2742 forma
1021 2694 1135 2761 scriptos
1155 2710 1214 2744 esse
1233 2695 1298 2744 mihi

197 2796 352 2848 persuasum
372 2788 420 2831 est.
470 2779 649 2843 Quamobrem
679 2797 733 2831 non
758 2797 825 2846 opus
853 2787 893 2830 est
917 2796 975 2830 curn
1001 2783 1068 2833 Wil.
1088 2783 1116 2832 in
1133 2800 1157 2835 v.
1177 2783 1229 2848 376
1248 2799 1297 2849 pro

198 2869 285 2922 κακόν
303 2886 404 2936 ponere
430 2868 511 2928 κακά,
541 2886 599 2920 cum
624 2869 708 2919 multo
729 2871 864 2933 graviores
885 2871 1050 2921 offensiones
1068 2871 1096 2920 in
1115 2871 1157 2921 his
1176 2873 1297 2921 versibus

197 2957 304 3009 lateant.
332 2959 377 3007 An
396 2959 456 3024 quis
476 2958 608 3024 explicare
627 2959 745 3017 audebit,
766 2964 795 3007 ut
814 2974 892 3008 unam
911 2974 966 3008 rem
985 2966 1099 3023 tangam,
1118 2959 1184 3008 haec
1202 2960 1297 3009 verba:

198 3046 216 3111 ἢ
237 3051 297 3108 τοῖς
316 3046 411 3111 ἔχουσι
431 3047 518 3112 μηδέν
526 3065 533 3108 ;
554 3045 590 3116 (v.
611 3046 691 3115 375)?
727 3049 823 3113 Neque
851 3049 919 3096 enlm
947 3063 1061 3113 unquam
1078 3047 1199 3112 probabo
1219 3047 1298 3096 auda·

198 3137 330 3186 cissimam
349 3137 434 3186 Weili
465 3137 708 3202 interpretationem
731 3137 797 3186 haec
820 3137 974 3186 scribentis:
1000 3135 1160 3201 ‘Supplecm
1192 3134 1296 3200 ἀρετὴν

198 3224 300 3277 ἐνεῖναι
317 3224 430 3291 κρινεῖ;’
459 3225 543 3291 Spero
570 3233 656 3274 autem
679 3224 778 3274 multos
802 3226 873 3274 viros
900 3225 994 3275 doctos
1019 3224 1085 3273 mihi
1104 3224 1219 3273 libenter
1235 3239 1297 3273 con·

126 3374 129 3382 Ι
198 3329 320 3362 cessuros
340 3329 398 3362 esse
428 3330 452 3364 v.
473 3314 614 3376 376—379
638 3313 704 3362 nihil
727 3313 801 3362 aliud
820 3314 956 3363 continere
975 3312 1027 3361 nisi
1045 3327 1148 3377 pannos
1167 3310 1296 3376 quosdam

197 3401 358 3466 Euripideos
378 3402 411 3450 ab
431 3401 548 3467 insipido
568 3402 674 3450 falsario
693 3409 827 3452 consutos.
857 3402 899 3450 Ne
919 3418 942 3452 v.
960 3401 1100 3466 377-378
1118 3400 1225 3465 quidem
1243 3416 1296 3449 me·

197 3487 279 3537 liores
299 3496 359 3537 sunt
379 3504 456 3553 quarn
481 3489 609 3539 simillimi
632 3505 723 3538 versus
747 3489 900 3555 Supplicum
931 3490 1081 3554 850--852,
1109 3504 1177 3554 quos
1197 3489 1230 3536 ab
1249 3479 1297 3537 illa

197 3576 289 3626 sabula
309 3593 368 3626 esse
389 3576 492 3627 alienos
510 3584 582 3627 recte
600 3577 667 3626 vidit
685 3578 753 3628 Wil.
