2992 4920
736 323 752 376 7

197 483 290 544 Dind.
315 486 373 544 vol.
396 486 410 543 I
432 505 461 562 p.
478 480 541 561 44).
568 486 664 544 Immo
687 503 726 542 ne
749 488 779 543 in
801 487 934 561 prologis
956 488 1090 562 quidem,
1114 487 1165 544 ubi
1188 487 1294 562 loqua-

197 587 280 644 citati
303 604 377 644 suae
399 606 621 662 nonnunquam
636 587 772 655 indulsit,
796 605 848 645 eas
864 605 923 656 τοο,
947 588 1078 662 quaein
1100 606 1215 647 scaena
1238 590 1292 646 dc·

197 688 299 763 pictae
322 690 497 745 credendae
521 697 601 757 sunt,
635 689 812 746 necessario
840 688 967 763 amplius
990 689 1140 763 explicare
1163 690 1291 748 studuit.

198 788 244 844 lta
266 771 299 845 in
319 797 424 846 nostro
444 789 583 863 prologo
614 797 648 846 ut
670 790 711 845 ad
734 807 760 846 v.
779 802 816 863 53
841 790 1013 859 redeamus,
1048 790 1146 847 obiter
1174 786 1294 848 tantum

197 907 454 947 commemorasse
478 890 597 946 videtur
626 888 760 946 clausam
781 889 923 947 Herculis
951 890 1087 959 domum,
1122 892 1206 948 cuius
1230 891 1295 948 effi·

196 991 277 1064 giem
299 998 489 1065 spectatores
511 991 542 1046 iu
565 1008 678 1048 scaena
693 991 806 1047 vidisse
830 998 946 1047 certum
969 998 1024 1050 est.
1049 989 1175 1048 Poterat
1191 999 1294 1050 autem

196 1099 290 1165 poeta
313 1090 392 1146 hanc
417 1108 482 1146 rem
503 1091 665 1165 perspicue
693 1090 863 1164 significare
886 1090 981 1147 tribus
1004 1090 1113 1159 verbis,
1147 1109 1227 1166 quae
1250 1093 1294 1149 lo-

196 1209 266 1249 cum
288 1208 376 1247 suum
392 1191 534 1247 videntur
555 1190 698 1247 habuisse
716 1191 747 1246 in
770 1190 867 1247 altera
885 1197 972 1264 parte
988 1209 1014 1248 ν.
1031 1205 1080 1263 55.
1112 1190 1204 1249 Certa
1227 1195 1293 1268 qui-.

197 1293 269 1347 dem
296 1291 474 1348 coniectura
497 1292 544 1347 vix
570 1291 701 1366 proponi
730 1291 852 1365 poterit,
886 1291 1029 1363 quoniam
1057 1290 1154 1350 forma
1181 1294 1294 1351 tradita

196 1409 259 1448 non
281 1392 375 1448 modo
399 1391 583 1466 amplificata
605 1392 661 1448 sed
684 1392 776 1449 etiam
798 1391 931 1466 pessime
948 1400 1078 1448 consuta
1100 1401 1146 1450 est
1163 1410 1201 1450 ex
1218 1395 1294 1452 veris

196 1493 367 1568 spuriisque
389 1493 556 1552 vocabulis.
577 1492 648 1549 Hoc
670 1510 762 1550 unum
786 1492 858 1549 mihi
881 1492 1040 1549 verisimile
1063 1501 1110 1550 est
1132 1493 1294 1551 notionem

197 1594 339 1667 signandi
361 1612 399 1650 ex
422 1602 525 1651 vetere
548 1595 683 1668 quadam
711 1593 915 1668 explicatione
938 1593 985 1650 vel
1009 1593 1126 1650 scholio
1150 1610 1294 1651 manasse

198 1703 229 1751 et
251 1695 334 1751 verbi
356 1695 481 1768 genuini
504 1695 604 1751 locum
627 1711 807 1768 occupasse.

297 1797 360 1853 Sed
382 1796 603 1853 transeundum
630 1804 677 1853 est
701 1796 741 1853 ad
765 1804 826 1852 tres
853 1803 1006 1852 extremos
1033 1796 1152 1870 prologi
1179 1813 1293 1866 versus,

187 1910 339 1971 ·57-59=

343 1996 494 2058 τοιοῦτον
518 1993 736 2071 ἀνθρώποισιν
758 1993 777 2070 ἡ
801 1993 989 2071 δυσπραξία,

344 2093 383 2171 ἧς
406 2093 520 2172 μήποθ’
545 2093 636 2171 ὅστις
658 2094 710 2157 καὶ
732 2094 841 2171 μέσως
864 2093 980 2171 εὔνους
1003 2094 1073 2172 ἐμοὶ

344 2193 443 2274 τύχοι,
466 2194 571 2274 φίλων
594 2194 729 2272 ἔλεγχον
751 2193 1006 2272 ἀψευδέστατον.

198 2298 330 2356 Gaudeo
361 2308 465 2356 autem
497 2300 582 2378 quod
610 2300 651 2356 de
678 2298 724 2356 his
755 2299 905 2368 versibus,
939 2301 1047 2374 quibus
1080 2302 1142 2359 iam
1176 2300 1294 2359 dudum

198 2399 320 2457 obelum
346 2400 472 2474 praefixi
493 2401 523 2456 in
546 2401 711 2474 exemplari
738 2417 819 2466 meo,
850 2400 942 2474 plane
965 2403 1124 2460 consentio
1153 2419 1221 2459 cum
1244 2402 1293 2462 Kl.

196 2496 248 2575 (cf.
268 2519 298 2575 p.
314 2496 377 2574 58).
423 2499 572 2557 Concedo
600 2501 725 2574 quidem
752 2519 777 2558 ν.
794 2514 844 2574 57,
882 2501 995 2575 quippe
1031 2504 1082 2577 qui
1111 2504 1295 2561 sententiam

195 2619 222 2660 v.
240 2598 363 2674 55-56
388 2601 548 2676 complecti
570 2609 600 2658 et
622 2609 761 2675 repetere
783 2610 875 2675 atque
898 2602 953 2658 toti
972 2603 1101 2676 prologo
1124 2603 1214 2659 finem
1236 2604 1291 2661 im·

197 2717 311 2774 ponere
334 2701 482 2768 videatur,
505 2719 560 2775 per
582 2719 616 2759 se
639 2701 762 2758 tolerari
785 2718 884 2775 posse.
914 2702 1034 2759 Tamen
1056 2720 1162 2760 vereor
1185 2721 1223 2760 ne
1246 2722 1293 2761 ar·

197 2802 256 2858 tius
286 2801 454 2858 cohaereat
490 2819 560 2858 cum
591 2802 712 2859 duobus
742 2803 940 2876 sequentibus
969 2803 1104 2861 versibus
1135 2822 1227 2879 quam
1260 2812 1295 2862 ut

195 2919 274 2959 uuus
296 2920 333 2958 ex
354 2902 400 2958 his
423 2902 518 2960 tribus
538 2919 608 2960 vere
628 2903 812 2978 Euripideus
835 2903 1031 2962 existimetur.
1056 2904 1186 2961 Accedit
1209 2905 1295 2978 quod

196 3002 289 3060 talem
320 3019 439 3059 versum
469 3003 566 3077 quivis
599 3003 799 3078 interpolator
827 3003 967 3060 facillime
997 3021 1131 3078 pangere
1160 3012 1296 3078 poterat.

196 3105 259 3162 Sed
282 3103 373 3160 etiarn
397 3103 422 3158 si
445 3104 511 3178 quis
536 3103 657 3160 dubitet
680 3105 719 3159 de
743 3123 769 3162 v.
786 3118 837 3178 57,
870 3120 959 3178 spero
982 3123 1009 3163 v.
1026 3102 1149 3176 58—59
1172 3105 1232 3161 nisi
1255 3105 1294 3162 ab

199 3203 300 3261 caecis
323 3203 495 3260 hominibus
518 3222 581 3260 nou
604 3203 767 3261 defensum
789 3205 833 3278 iri,
858 3221 927 3260 cum
950 3212 1066 3261 certum
1089 3205 1127 3261 sit
1149 3203 1205 3262 hos
1229 3222 1294 3261 ver·

198 3324 248 3363 sus
269 3323 332 3363 non
354 3306 448 3362 modo
474 3324 543 3363 cum
566 3306 683 3380 prologi
707 3307 860 3363 sententia
884 3305 1056 3363 sedetiam
1079 3323 1148 3362 cum
1170 3305 1294 3362 rationi·

196 3408 253 3464 bus
281 3406 486 3481 grammaticis
517 3424 662 3481 pugnare.
706 3407 774 3480 Ego
805 3407 930 3481 quidem
962 3423 1114 3480 nusquam
1141 3405 1295 3463 salsiorem

195 3507 419 3582 appositionem
459 3503 510 3578 (sit
537 3506 625 3563 venia
652 3506 723 3563 huic
750 3507 816 3563 voci
840 3501 1085 3580 grammaticaet)
1114 3507 1174 3580 legi
1203 3523 1295 3581 quam

194 3608 275 3665 illam
305 3625 384 3682 quae
413 3615 514 3665 exstat
540 3608 570 3663 iu
597 3625 623 3666 ν.
647 3620 699 3681 5ρε
733 3602 838 3681 φίλων
871 3600 1006 3680 ἔλεγχον
1036 3601 1292 3679 ἀψευδέστατον.

196 3707 334 3782 Apparet
361 3709 443 3764 enim
471 3726 507 3764 ex
543 3709 697 3766 sententia
728 3727 755 3766 v.
776 3722 814 3782 55
844 3716 875 3763 et
904 3705 943 3779 56
976 3707 1056 3764 hunc
1087 3707 1294 3783 accusativum

195 3809 252 3864 nisi
280 3809 321 3865 ad
349 3809 531 3865 vocabulum
561 3804 741 3882 δυσπραξία
765 3804 831 3883 (57)
858 3807 960 3864 referri
988 3825 1051 3864 non
1078 3823 1181 3882 posse,
1218 3823 1296 3880 quo-

196 3908 288 3981 niam,
298 3905 478 3983 δυσπραξία
493 3926 564 3964 vere
579 3917 627 3965 est
641 3905 746 3983 φίλων
766 3904 899 3981 ἔλεγχος
921 3903 1175 3981 ἀψευδέστατος.
1200 3906 1296 3978 Quod

195 4017 279 4065 recte
302 4009 374 4065 olim
396 4017 617 4083 perspexerunt
640 4009 730 4082 prisci
752 4008 905 4082 Euripidis
928 4009 1119 4082 interpretes
1148 4015 1181 4063 ut
1209 4007 1297 4064 Reis-

195 4107 261 4164 kius
285 4117 316 4164 et
337 4107 489 4166 Heathius
512 4102 565 4186 (cf.
587 4109 662 4168 edit.
684 4109 891 4166 Barnesianae
913 4109 970 4166 vol.
985 4109 1038 4167 Ill.
1061 4126 1123 4166 cur.
1141 4126 1159 4164 a
1181 4106 1297 4164 Beckio

195 4227 223 4290 p.
242 4201 324 4290 595).
369 4208 432 4274 Sed
454 4228 492 4274 ex
514 4228 540 4278 v,
558 4209 596 4289 58
622 4209 759 4275 videmus
790 4227 853 4276 non
879 4210 977 4293 ipsam
1009 4203 1209 4291 δυσπραξίαν
1234 4207 1297 4275 dici
