2992 4920
498 730 558 802 De
586 731 699 803 Herc.
727 756 762 803 v.
791 753 996 822 200-203.

304 934 393 1006 Quae
415 935 600 1010 Amphitruo
622 953 677 1010 per
698 953 809 1006 novem
829 953 934 993 versus
958 934 1151 1014 (195—203)
1175 940 1303 1014 exponit

200 1040 241 1095 ad
262 1038 486 1112 sagittariorum
509 1046 604 1094 artem
630 1037 861 1095 defendendam
885 1039 972 1113 plura
993 1048 1073 1108 sunt,
1105 1058 1197 1115 quam
1221 1059 1301 1117 quae

202 1280 335 1344 participii
355 1280 483 1329 habemus
503 1278 674 1346 (cr.E1ms1et
694 1283 727 1331 ad
744 1283 816 1334 Med.
835 1299 859 1334 ν.
875 1285 907 1348 56
926 1283 1124 1333 adnotationem
1144 1291 1170 1333 et
1186 1284 1221 1334 N.
1235 1284 1300 1334 Eur.

200 1368 274 1418 Stud.
288 1369 309 1416 Ι.
323 1383 348 1433 p.
361 1381 394 1432 24
414 1374 439 1417 et
459 1369 492 1417 de
512 1375 640 1418 structura
659 1371 788 1419 contraria
805 1369 918 1420 Elmslei
939 1371 972 1419 ad
991 1371 1097 1422 Heracl.
1118 1378 1171 1422 not.
1191 1388 1215 1437 p.
1231 1371 1300 1440 116).

198 1456 285 1505 Multo
310 1464 397 1506 autern
421 1457 564 1507 audaciora
589 1465 650 1508 sunt
674 1458 746 1518 talia,
767 1459 855 1524 qualia
879 1466 982 1509 exstant
1006 1460 1033 1508 in
1056 1459 1155 1510 Palam.
1183 1460 1214 1510 ir.
1234 1460 1300 1523 583:

199 1544 283 1598 πάλαι
303 1543 338 1609 δή
350 1543 556 1611 σ’ἐξερωτήσαι
575 1546 664 1598 θέλων
683 1545 770 1612 σχολή
790 1545 817 1610 μ’
837 1546 951 1613 ἀπεῖργε
971 1554 996 1597 et
1014 1547 1041 1596 in
1061 1548 1092 1598 ir.
1111 1547 1162 1598 inc.
1186 1547 1262 1611 1065,
1274 1559 1301 1612 3,

202 1634 248 1682 ubi
268 1649 300 1682 ex
318 1634 438 1683 Meineki
459 1635 611 1685 coniectura
628 1635 736 1698 legitur:
761 1634 854 1699 λαβὼν
884 1636 914 1688 δέ
933 1640 1032 1701 πεῖραν
1052 1635 1217 1699 μεταμέλεια
1235 1638 1300 1698 λαμ·

200 1721 290 1785 βάνειτ
319 1722 366 1771 sed
391 1722 455 1771 satis
478 1723 576 1771 dubius
600 1730 640 1771 est
665 1723 709 1771 hic
732 1723 816 1773 locus.
853 1725 918 1781 Iam·
935 1724 1036 1773 dudum
1060 1723 1228 1772 offenderunt
1251 1723 1300 1770 viri

199 1810 271 1859 docti
289 1811 316 1859 in
336 1811 403 1859 Hec.
422 1827 447 1862 v.
460 1822 613 1874 970-971:
649 1810 707 1878 ὅτῳ
725 1811 779 1877 γὰρ
799 1809 900 1877 ὤφθην
919 1811 1075 1877 εὐτυχοθο,
1095 1810 1181 1873 αἰδώς
1199 1808 1226 1874 μ’
1243 1810 1300 1875 ἔχει

200 1899 230 1951 ἐν
249 1899 323 1964 τῷδε
341 1898 442 1966 πότμῳ
461 1898 630 1963 τὐγχάνουσ’
648 1897 684 1950 ἵν’
704 1897 757 1963 εἰμί
774 1903 834 1952 νθν.
871 1901 1002 1950 Duritiam
1026 1907 1171 1949 structurae
1189 1899 1241 1949 iam
1259 1899 1299 1950 K.

199 2003 334 2037 removere
359 1987 460 2037 studuit
486 2002 588 2052 ponens
619 2003 642 2038 v.
657 1999 705 2050 971
727 1993 788 2053 post
808 2005 832 2038 v.
846 2000 907 2051 972,
932 1989 1069 2039 Porsonus
1093 1988 1185 2038 maluit
1209 1985 1298 2036 delere

181 2071 284 2125 ¹toturn
309 2090 421 2125 versum.
457 2075 492 2125 N.
518 2080 604 2124 autem
628 2074 702 2140 (Eur.
722 2076 759 2125 St.
779 2077 801 2124 I.
825 2092 850 2141 p.
871 2073 985 2144 19-20)
1012 2075 1084 2125 delet
1112 2076 1178 2125 haec
1205 2076 1299 2124 verba:

200 2162 370 2228 τυγχάνουσ’
389 2161 425 2215 ἵν’
440 2161 493 2227 εἰμί
511 2167 571 2227 νῦν,
591 2163 660 2214 κούκ
680 2163 714 2214 ἂν
734 2162 878 2229 δυναίμην,
898 2172 924 2214 et
942 2173 1013 2214 recte
1031 2164 1082 2214 hoc
1101 2163 1162 2214 loco
1182 2164 1298 2229 interpo-

201 2253 295 2303 latoris
314 2252 427 2314 vestigia
446 2252 593 2314 cognoscit.
613 2252 666 2300 Sed
689 2267 780 2301 omnes
799 2259 851 2302 tres
870 2269 961 2302 versus
981 2265 1132 2316 970-972,
1151 2268 1209 2302 cum
1229 2251 1296 2301 nihil

102 2347 108 2363 '
200 2342 262 2390 novi
281 2341 440 2398 contineant,
464 2339 646 2389 molestissimi
665 2346 737 2390 sunt:
767 2356 826 2389 nam
845 2339 931 2403 αἰδώς
950 2339 976 2404 μ’
995 2341 1051 2405 ἔχει
1071 2342 1166 2406 repetit
1186 2341 1295 2390 verbum

199 2428 364 2494 αἰσχύνομαι
378 2427 452 2496 (968)
473 2436 498 2478 et
516 2446 540 2480 v.
553 2440 601 2492 971
623 2428 703 2494 plane
722 2429 793 2478 idem
812 2429 884 2488 dicit,
903 2430 977 2494 quod
995 2430 1023 2478 in
1036 2430 1122 2501 ν.1969
1145 2444 1300 2496 expressum

200 2526 240 2568 est
258 2518 300 2568 his
320 2518 421 2567 verbis:
446 2516 476 2569 έν
495 2516 618 2569 τοιοῖσδε
638 2516 750 2581 κειμένη
770 2520 872 2578 κακοῖς.
910 2518 1033 2582 Denique
1053 2519 1187 2568 contendo
1208 2525 1301 2568 contra
1351 2531 1353 2536 ·

199 2605 347 2654 Hirzelium
366 2603 396 2671 (l.
416 2605 434 2655 l.
454 2621 480 2670 p.
495 2604 538 2669 57)
561 2604 732 2654 intolerabile
759 2620 818 2654 esse
844 2605 953 2669 βλέπειν
978 2607 1005 2654 in
1031 2612 1093 2654 octo
1121 2605 1242 2654 versibus
1261 2611 1302 2653 ter

200 2699 360 2758 usurpatum.
379 2692 422 2741 Ne
440 2692 492 2741 hoc
510 2692 616 2756 quidem
636 2693 741 2757 placere
761 2700 859 2758 potest,
879 2694 951 2758 quod
966 2692 993 2744 in
1006 2711 1030 2744 v.
1041 2693 1093 2754 968
1112 2691 1300 2758 προσβλέπειν

199 2767 327 2832 Ιἐναντίον
347 2787 373 2828 et
390 2780 418 2828 in
431 2796 454 2831 v.
465 2792 515 2845 975
537 2779 646 2844 βλέπειν
666 2778 795 2832 ἐναντίον
816 2788 907 2832 exstat.
925 2781 1012 2831 Deleo
1033 2796 1097 2844 ergo
1110 2774 1134 2830 i.
1145 2791 1296 2844 970-972,

199 2876 264 2934 puto
286 2875 372 2918 antem
393 2875 437 2917 aut
458 2869 485 2917 in
505 2886 529 2920 v.
543 2868 595 2930 968
614 2877 659 2918 ant
676 2871 703 2919 in
722 2887 746 2920 v.
757 2882 807 2935 975
833 2871 1001 2920 scribendum
1022 2884 1081 2918 esse
1099 2886 1148 2935 pro
1168 2865 1297 2921 ἐναντίον

107 2978 109 2983 ’
200 2985 235 2994 -
254 2956 349 3023 ὀρθαῖς
368 2957 471 3022 κόραις,
491 2958 523 3008 cf.
537 2957 595 3022 Iph.
610 2959 644 3009 A.
659 2976 682 3009 v.
698 2959 746 3024 851
769 2965 795 3007 et
813 2958 896 3023 Soph.
911 2958 978 3008 Oed.
998 2959 1034 3009 R.
1054 2975 1078 3009 v.
1094 2959 1170 3022 1385.
1192 2983 1224 2993 -—
1245 2956 1299 3006 Sed

200 3045 262 3094 huic
281 3046 412 3094 Hecubae
430 3045 492 3094 loco
512 3046 581 3094 adici
600 3054 712 3111 possunt
731 3047 777 3096 alii
796 3048 976 3111 σολοικισμοὶ,
1002 3048 1048 3112 qui
1068 3054 1112 3095 aut
1130 3045 1299 3095 librariorum

200 3133 385 3196 neglegentiae
408 3140 452 3181 aut
472 3132 639 3183 falsariorum
659 3136 799 3184 temeritati
823 3135 961 3186 debentur.
999 3136 1037 3184 Ut
1055 3135 1118 3183 mihi
1140 3133 1300 3199 persuadere

200 3237 254 3271 non
273 3237 383 3287 possum
402 3222 543 3284 genuinam
563 3237 622 3271 esse
641 3223 792 3282 lectionem,
812 3239 879 3288 quae
898 3224 993 3273 tradita
1013 3229 1053 3272 est
1071 3224 1151 3272 inIn.
1165 3223 1196 3272 ir.
1210 3233 1298 3285 415,3

199 3310 227 3357 in
247 3310 401 3359 certissimis
420 3309 551 3358 fontibus:
592 3310 636 3361 καὶ
655 3310 725 3375 πρὸς
744 3311 821 3377 ἄνδρ’
841 3309 929 3363 εἰπὼν
948 3311 998 3362 ἕνα
1017 3309 1145 3361 πύθοιντ’
1165 3310 1199 3361 ἂν
1219 3308 1300 3360 ἀστοὶ

200 3396 305 3459 πάντες
324 3396 342 3448 ἃ
360 3397 493 3462 κρύπτειν
512 3397 615 3463 χρεών;
645 3399 692 3448 sed
712 3400 863 3449 coniectura
884 3399 1033 3465 probabilis
1057 3399 1174 3447 nondum
1192 3398 1300 3446 inventa

201 3485 312 3536 videtur.
344 3514 376 3523 —
405 3485 558 3535 Certissime
577 3493 663 3536 autem
683 3488 751 3537 salsa
770 3495 809 3537 est
828 3488 893 3538 haec
912 3495 1048 3552 structura,
1074 3503 1152 3552 quam
1171 3485 1299 3535 habemus

200 3573 227 3621 in
252 3571 359 3623 Heracl.
384 3591 407 3625 v.
421 3586 455 3637 39
469 3591 521 3640 sq.:
551 3574 629 3626 δυοῖν
651 3574 798 3640 γερόντοιν
822 3576 852 3628 δέ
878 3579 1075 3642 στρατηγεῖται
1099 3573 1176 3640 φυγή
1196 3615 1222 3626 ..
1243 3572 1299 3637 ἐγὼ

202 3662 253 3726 μέν
273 3701 299 3714 ..
318 3660 476 3727 καλχαίνων
487 3665 552 3727 ,κτλ
585 3665 640 3712 Iam
658 3663 795 3712 Hirzelius
817 3661 845 3731 (l.
859 3665 876 3714 l.
890 3681 915 3730 p.
928 3663 972 3730 88)
992 3664 1119 3712 iudicavit
1137 3681 1161 3714 v.
1176 3675 1209 3725 39
1230 3662 1300 3711 desi·

202 3751 288 3800 derari
306 3767 401 3817 posse:
430 3751 495 3800 mihi
513 3767 646 3816 nunquam
665 3752 775 3800 dubium
794 3753 851 3812 suit,
876 3753 940 3817 quin
959 3768 1035 3817 quam
1055 3752 1191 3801 celerrime
1212 3750 1301 3816 expel-

200 3839 296 3888 lendus
317 3839 351 3888 sit
370 3855 402 3889 ex
420 3840 556 3906 Euripide.
584 3842 632 3890 Est
652 3842 721 3890 enim
740 3840 801 3890 luce
821 3840 916 3890 clarius
935 3840 1151 3906 interpolatorem
1172 3841 1299 3889 imitatum

202 3943 261 3977 esse
281 3945 304 3978 v.
318 3928 381 3994 653:
408 3928 486 3981 δυοῖν
505 3929 650 3994 γερόντοιν
670 3931 704 3981 οὐ
724 3933 816 3992 καλῶς
835 3929 957 3993 ἀγωνιεῖ.
997 3929 1141 3979 Consentio
1161 3937 1246 3978 autem
1266 3928 1300 3977 de

201 4015 253 4064 hoc
272 4030 349 4064 versu
368 4030 426 4064 cum
446 4014 495 4066 Κλ,
520 4014 556 4080 (p.
570 4016 624 4084 22).
654 4044 687 4053 —
717 4017 770 4066 Sed
790 4019 889 4084 optime
908 4017 960 4065 iam
978 4016 1112 4065 Hirzelius
1131 4016 1169 4082 (p.
1182 4014 1299 4081 69-70)

201 4101 357 4168 proscripsit
369 4104 455 4155 Andr.
468 4121 492 4155 v.
504 4103 654 4168 668-677,
674 4105 721 4154 ubi
739 4102 1045 4172 invenitur(668-669)
1062 4104 1127 4154 haec
1144 4104 1300 4169 prodigiosa

202 4193 377 4242 constructio:
407 4190 431 4245 εἰ
450 4193 485 4245 σὺ
504 4193 591 4245 παῖδα
610 4193 662 4258 σὴν
682 4194 749 4256 δούς
767 4210 809 4262 τῳ
831 4195 965 4258 πολιτῶν,
994 4193 1044 4245 εἰτ’
1066 4193 1171 4258 ἔπασχε
1194 4191 1297 4244 τοιάδε.

201 4281 301 4330 Tamen
324 4281 396 4331 idem
416 4282 455 4330 vir
478 4283 572 4331 doctus
596 4269 691 4332 salsum
714 4283 826 4349 protulit
851 4282 979 4331 iudicium
1005 4282 1038 4331 de
1061 4289 1153 4331 nostro
1172 4281 1297 4330 Herculis
