2992 4920
729 355 763 414 56

199 525 337 586 eiusdem
360 526 535 586 sententiae
558 526 640 586 facta
655 528 697 586 ad
719 545 822 585 versus
844 546 988 586 numeros
1008 528 1208 604 supplendos.
1235 529 1298 588 Cur

200 645 271 684 vero
295 628 414 704 singula
436 624 641 703 quaeramus?
670 627 749 685 Nihil
772 628 894 685 invenio
916 629 947 685 in
970 629 1016 686 his
1040 630 1188 700 versibus,
1211 633 1297 706 quod

199 747 261 786 non
282 729 416 804 potuerit
437 731 479 786 de
502 731 588 787 trivio
610 746 731 786 sumere
753 730 850 804 quivis
871 729 1079 805 interpolator.
1103 730 1196 788 Certe
1208 732 1295 789 Euri·

198 830 299 905 pides‚
322 829 416 887 etiam
438 829 489 886 ubi
512 830 552 885 de
572 828 706 905 Cypride
727 830 870 904 loquitur,
892 847 1050 905 nunquam
1072 831 1115 886 ita
1133 842 1219 889 caret
1233 833 1297 890 sale

200 929 314 998 Attice,
339 937 372 986 ut
391 930 441 987 hic
473 947 594 1009 pannus
629 931 830 1006 turpissimus.
873 931 1021 1006 Inspicias
1048 941 1151 989 autem
1174 942 1297 1008 praeter

199 1032 276 1090 alios
297 1032 382 1089 locos
405 1030 474 1090 Hel.
498 1050 523 1090 v.
544 1031 747 1105 1105—1106
770 1041 802 1089 et
823 1032 911 1090 Aeol.
934 1031 968 1091 fr.
986 1031 1039 1091 26:

370 1133 408 1212 τῇ
431 1127 458 1193 δ’
472 1126 643 1212 Ἀφροδίτῃ
666 1128 759 1193 πόλλ’
783 1127 890 1194 ἔνεστι
906 1129 1047 1193 ποικίλα·

367 1229 477 1307 τέρπει
497 1249 532 1293 τε
554 1229 616 1307 γὰρ
638 1229 776 1307 μάλιστα
798 1230 850 1292 καὶ
872 1233 965 1294 λυπεῖ
987 1230 1139 1310 βροτούς·

368 1330 492 1409 τύχοιμι
511 1336 540 1395 δ’
563 1331 673 1410 αὐτῆς,
695 1331 775 1411 ἡνίκ’
798 1332 887 1397 ἐστὶν
910 1331 1056 1410 εὐμενής.

200 1437 302 1510 Quam
324 1436 492 1510 simplicem
515 1438 699 1494 sententiam
722 1454 815 1512 saepe
837 1438 1015 1511 pulcerrime
1031 1439 1181 1513 expressit
1202 1447 1296 1513 poeta

198 1547 310 1597 noster,
354 1536 556 1595 Nihilominus
580 1537 718 1595 falsarius
740 1537 865 1594 misellis
888 1538 950 1595 suis
972 1538 1109 1596 versibus
1123 1515 1184 1597 hoc
1200 1557 1293 1596 unum

199 1639 310 1707 effecit,
336 1646 369 1695 ut
393 1639 547 1696 videretur
568 1655 692 1712 prorsus
714 1654 827 1694 novam
849 1639 995 1696 orationis
1017 1648 1137 1714 partem
1150 1639 1295 1698 incohare

198 1748 230 1797 et
253 1740 382 1798 lectores
405 1740 445 1796 dc
469 1757 540 1795 vera
566 1738 626 1795 loci
648 1746 757 1796 natura
790 1739 956 1814 deciperet.
1003 1739 1065 1797 Sed
1095 1758 1225 1797 necesse
1247 1747 1296 1797 est

199 1840 289 1899 altius
308 1848 489 1914 argumenta
509 1848 693 1914 repetamus,
727 1847 760 1896 ut
790 1841 1018 1898 demonstretur
1039 1842 1151 1910 omnia,
1175 1859 1254 1916 quae
1277 1859 1295 1898 a

199 1960 225 1997 v.
244 1940 408 2016 γοα-802
435 1941 547 1997 tradita
581 1948 660 2008 sunt,
683 1939 822 2014 Euripidi
851 1942 1010 2016 supposita
1042 1958 1112 1997 esse
1135 1940 1174 1998 ab
1198 1941 1294 1999 auda·

198 2041 321 2100 cissimo
333 2042 558 2116 interpolatore.
582 2039 704 2116 Operae
721 2049 824 2098 autem
845 2043 976 2116 pretium
992 2050 1039 2098 est
1054 2049 1141 2098 vetus
1156 2040 1294 2099 scholion

201 2144 285 2218 quod
308 2144 349 2200 ad
371 2162 397 2201 v.
416 2142 476 2217 780
508 2141 657 2200 hahemus
690 2144 873 2210 exscribere,
906 2144 1050 2217 quoniam
1080 2143 1130 2201 hic
1163 2142 1291 2218 vestigia

200 2246 354 2319 quaedam
378 2243 488 2300 falsarii
509 2243 605 2300 nostri
636 2244 710 2301 satis
742 2245 858 2318 antiqui
889 2245 983 2301 latere
1006 2245 1157 2301 videntur.
1201 2241 1294 2301 Cuius

200 2346 304 2403 scholii
326 2346 419 2403 verba
444 2344 521 2401 haec
543 2352 630 2402 sunt:
664 2342 703 2405 τὰ
726 2341 840 2419 θνητὰ·
869 2341 928 2405 οὐκ
949 2341 1095 2420 εὐλόγως
1116 2342 1174 2406 τὸν
1195 2339 1295 2420 πράγ-

199 2443 268 2521 ματ’
284 2441 309 2524 1)
333 2441 490 2521 Ἠρακλέα
513 2440 664 2520 εἰσήγαγε
698 2445 948 2521 φιλοσοφοῦντα
981 2442 1016 2507 ἐν
1049 2443 1137 2526 μέθῃ,
1168 2442 1207 2507 ὃν
1229 2441 1294 2506 ἔδει

198 2544 250 2609 καὶ
272 2543 373 2607 ἄλλου
396 2544 664 2622 φιλοσοφοῦντος
679 2542 863 2606 διαπαίζειν.
887 2546 1057 2605 Paullulum
1080 2547 1141 2602 veri
1164 2547 1294 2604 subesse

199 2648 269 2707 huic
285 2648 469 2706 scholiastae
485 2647 679 2703 adnotationi
695 2664 786 2702 nemo
801 2647 936 2720 negabit.
960 2646 1075 2721 Tangit
1089 2648 1171 2703 enim
1187 2655 1295 2704 auctor

199 2749 305 2807 scholii
326 2766 394 2804 eam
415 2766 489 2815 rem,
524 2764 604 2821 quae
636 2755 749 2821 poetae
782 2747 957 2805 difficillima
981 2749 1037 2806 fuit
1058 2749 1088 2804 iu
1111 2746 1169 2805 hac
1190 2748 1294 2817 fabula

197 2850 359 2907 scribenda
392 2866 534 2924 quaeque
564 2866 659 2924 saepe
692 2856 823 2906 tractata
859 2858 906 2906 est
935 2868 954 2906 a
977 2849 1045 2907 viris
1079 2849 1189 2918 doctis,
1224 2868 1294 2907 eam

197 2951 267 3008 (lico
302 2952 524 3026 quaestionem,
561 2968 600 3007 an
633 2951 757 3007 omnino
790 2950 854 3007 fieri
887 2953 1030 3027 potuerit,
1064 2959 1096 3008 ut
1131 2950 1294 3024 Euripides

196 3046 290 3110 ‘duas
302 3070 349 3109 res
368 3046 567 3126 incongruas'
590 3053 790 3126 coniungeret
805 3052 991 3128 subiungens
1014 3047 1174 3127 ‘pietatem
1191 3051 1293 3108 uxoris

197 3153 467 3229 incomparabilem
490 3153 631 3211 Herculis
665 3152 909 3226 magnanimitati
932 3163 1024 3229 atque
1047 3155 1199 3227 ingenuae
1221 3151 1294 3208 hila·

199 3248 293 3312 ritati'
317 3253 482 3330 (Wheeleri
497 3255 570 3313 diss.
587 3273 615 3329 p.
630 3249 691 3330 33).
738 3254 883 3311 Attamen
903 3255 957 3322 eis‚
980 3256 1031 3328 qui
1047 3263 1143 3311 totam
1159 3252 1293 3310 fabulam

197 3356 262 3413 sine
298 3355 493 3431 opinionibus
525 3355 743 3431 praeiudicatis
780 3355 1023 3430 percensebuut,
1059 3354 1293 3411 concedendum

198 3458 253 3514 erit
273 3455 457 3531 lluripirlem,
481 3457 554 3512 dum
577 3474 639 3512 non
661 3457 755 3512 modo
778 3456 901 3512 nimiam
917 3456 1110 3511 severitatem
1129 3455 1185 3511 sed
1201 3454 1293 3510 etiam

198 3558 320 3616 nimiam
342 3557 495 3614 lasciviam
506 3557 647 3614 Herculis
668 3558 764 3613 vitare
788 3559 902 3631 studet,
924 3564 1041 3613 rectum
1062 3556 1188 3612 modum
1211 3556 1294 3611 inve-

197 3660 289 3717 nisse.
334 3656 442 3734 Neque
466 3676 536 3715 vero
560 3658 679 3725 dubim,
710 3658 782 3732 quin
810 3657 889 3714 hanc
912 3656 1105 3732 sententiam,
1129 3672 1207 3729 quae
1229 3671 1293 3711 non

196 3778 265 3818 mea
288 3768 335 3815 est
358 3760 414 3815 serl
427 3758 604 3827 llermanni,
621 3758 737 3815 facilius
755 3758 912 3832 probaturi
936 3758 1029 3814 simus
1051 3754 1103 3833 (cf.
1124 3754 1293 3812 Hermanni

299 3997 323 4064 1)
344 3996 472 4062 Corrupto
499 4003 559 4045 sunt
588 3996 645 4045 sinc
674 3996 756 4044 (lubio
792 3995 873 4044 verba
902 3993 953 4045 τὸν
981 3990 1121 4059 πράγματ’
1149 3991 1291 4057 Ἡρακλέα.

196 4085 370 4136 scribendum
390 4085 449 4135 crit:
469 4084 520 4136 οὐκ
535 4084 658 4147 εὐλόγως
675 4084 731 4135 ἀπὸ
750 4087 809 4136 τῶν
822 4082 994 4149 πραγμάτων
1013 4081 1064 4132 τὸν
1083 4079 1217 4146 Ἡρακλέα
1236 4077 1303 4134 εἰσ-ι

196 4173 283 4241 ὴγαγε
303 4177 369 4239 κτλ,
398 4174 430 4224 cs.
463 4172 585 4223 scholion
603 4175 651 4225 Tr.
671 4192 694 4224 v.
716 4173 860 4243 361Dind.
887 4172 939 4224 vol.
960 4173 973 4221 1
991 4188 1016 4238 p.
1032 4169 1090 4236 44):
1120 4169 1234 4233 ἄμεινον
1255 4167 1290 4232 ἦν

196 4263 253 4317 ἀπὸ
271 4266 330 4317 τῶν
352 4260 524 4330 πραγμάτων
543 4261 718 4327 παράγεσθαι
737 4265 794 4315 κτλ.
