2992 4920
734 416 765 470 59

344 576 442 656 ὄντας
465 579 501 642 δὲ
523 576 660 656 θνητοὺς
683 579 784 657 θνητὰ
807 577 858 642 καὶ
880 579 1015 658 φρονεῖν
1038 576 1156 657 χρεών·
1254 624 1257 629 «

205 681 303 740 minus
327 683 408 741 valet
427 685 467 741 de
490 683 662 742 hominibus
693 685 828 742 tristibus
851 692 882 741 et
902 702 1040 742 maerore
1072 684 1187 742 affectis
1210 700 1302 758 quarn

206 784 246 842 de
270 785 417 860 superbIS,
441 793 475 841 ut
497 787 537 842 de
553 785 691 842 Pentheo
713 785 763 842 illo
780 786 891 843 dicitur
906 785 935 841 in
948 784 1059 844 Bacch.
1081 804 1107 844 v.
1120 785 1302 859 305-306:

546 883 584 946 τὸ
606 883 717 962 σοφὸν
739 883 767 947 δ’
791 883 829 947 οὐ
853 883 956 962 σοφία

543 983 581 1048 τό
602 1005 637 1048 τε
661 985 700 1063 μὴ
725 985 825 1062 θνητὰ
847 987 989 1063 φρονεῖν.

204 1087 240 1146 cf.
265 1089 357 1145 etiarn
380 1088 522 1164 Sophocl.
539 1089 609 1149 Ter.
633 1088 666 1149 fr.
685 1089 755 1163 528.
780 1089 895 1145 Versus
915 1088 976 1145 800
992 1097 1024 1145 et
1040 1086 1095 1145 801
1123 1089 1180 1146 sibi
1195 1091 1302 1164 panxit

202 1190 412 1264 interpolator,
435 1198 470 1247 ut
490 1191 627 1266 singulos
660 1208 764 1247 versus
797 1190 979 1264 compilatos
1008 1191 1089 1248 iusto
1112 1200 1206 1265 ponte
1229 1210 1302 1248 con·

203 1291 352 1366 iungeret.
398 1291 460 1349 Sed
481 1293 511 1349 in
533 1311 559 1351 v.
577 1293 640 1349 800
669 1293 791 1366 repetiit
818 1292 968 1349 vocabula
990 1291 1157 1366 Euripidea
1180 1290 1301 1368 σεμνός

199 1413 217 1450 e
240 1412 267 1452 v.
286 1407 344 1467 773
378 1401 408 1449 et
439 1391 727 1468 συνωφβυωμένος
750 1411 766 1448 e
791 1413 818 1453 v.
839 1408 908 1468 777,
929 1393 959 1449 in
984 1412 1011 1448 v.
1033 1392 1089 1449 801
1117 1394 1300 1451 vanissimae

200 1493 380 1567 loquacitati
401 1493 535 1552 indulsit.
570 1494 701 1551 Versum
735 1502 836 1551 autem
868 1502 1047 1561 extremum,
1084 1495 1108 1550 si
1140 1493 1212 1550 nihil
1242 1495 1300 1551 nisi

202 1594 386 1651 sententiam
410 1594 647 1668 considerarem,
683 1613 719 1650 ex
742 1595 896 1668 Euripidis
925 1594 1048 1667 ingenio
1074 1603 1173 1652 ortum
1197 1596 1300 1653 existi·

203 1713 327 1763 marem,
351 1713 420 1752 cum
443 1703 536 1770 poeta
558 1704 664 1753 nostro
688 1695 865 1769 dignissima
890 1696 928 1752 sit
949 1694 1026 1751 haec
1049 1696 1141 1752 tristis
1164 1715 1239 1755 vox:

386 1791 424 1855 οὐ
449 1792 517 1871 βίος
537 1791 666 1871 ἀληθῶς
689 1793 707 1856 ὁ
732 1792 809 1872 βίος,
833 1791 914 1855 ἀλλὰ
934 1792 1098 1871 συμφορά,

202 1898 258 1954 sed
281 1905 379 1955 certat
403 1915 472 1954 cum
493 1898 693 1955 severioribus
720 1897 882 1954 Alcestidis
906 1896 1027 1954 fabulae
1056 1896 1173 1970 legibus
1196 1900 1298 1956 metri·

202 1999 254 2067 cis,
278 1999 316 2055 cf.
338 1999 378 2057 H.
401 1998 487 2055 Wolfi
510 1999 660 2056 Analecta
683 1998 854 2072 Aeschylea
876 1998 1033 2072 p.1-18,
1064 2001 1114 2056 ubi
1137 2000 1236 2074 agitur
1259 2002 1298 2057 de

200 2100 330 2175 pedibus
354 2099 469 2157 solutis
514 2098 604 2155 Certe
627 2106 731 2156 autem
753 2098 813 2155 hoc
832 2100 1001 2156 tenendum
1024 2101 1088 2169 erit,
1112 2102 1197 2175 quod
1212 2101 1297 2157 initio

202 2199 290 2256 huius
314 2200 421 2274 capitis
444 2201 551 2256 leniter
566 2193 817 2286 significavimus.
835 2208 932 2256 totam
955 2201 1223 2276 interpolationem
1239 2203 1296 2271 vel,

202 2309 235 2357 ut
256 2301 368 2358 rectius
392 2301 503 2367 dicam,
526 2300 764 2375 dittographiam
786 2309 922 2358 nostram
945 2302 976 2356 in
1000 2320 1125 2359 numero
1149 2304 1296 2378 antIquiS·

201 2401 343 2458 simorum
367 2401 581 2459 emblematum
602 2388 674 2458 esse
697 2400 882 2459 hahendam.
909 2400 999 2458 Certe
1022 2421 1085 2460 non
1105 2404 1203 2461 minus
1220 2406 1298 2462 auti·

201 2520 261 2576 qua
284 2511 333 2559 est
355 2521 447 2577 quam
469 2504 562 2578 longa
592 2503 786 2578 interpolatio
810 2487 828 2559 a
850 2501 916 2561 Wil.
940 2521 977 2558 ex
1001 2504 1174 2561 Troadibus
1197 2505 1297 2563 eiecta

200 2598 240 2677 (v.
258 2600 449 2680 365-383),
482 2605 661 2679 praesertIm
695 2621 763 2660 cum
801 2604 888 2661 simili
921 2605 1015 2661 modo
1046 2604 1151 2662 ethic
1179 2615 1210 2662 et
1238 2606 1297 2662 illic

200 2704 339 2761 fraudem
356 2706 469 2762 factam
485 2724 555 2763 esse
577 2706 744 2761 videamus.
769 2704 848 2763 Nam
863 2713 993 2779 utroque
1009 2706 1078 2762 loco
1098 2706 1298 2780 interpolator

200 2813 317 2862 tantam
332 2806 438 2863 habuit
458 2806 690 2881 impudentiam,
712 2813 747 2862 ut
761 2806 858 2879 ipsam
880 2807 1060 2873 orationem,
1084 2824 1175 2883 quam
1192 2807 1297 2882 ampli·

199 2905 289 2961 ficare
306 2908 433 2975 studuit,
451 2908 638 2981 compilaret.
662 2906 810 2979 inspicias
831 2914 943 2974 autem,
968 2924 1047 2980 quae
1060 2907 1125 2966 Wil.
1138 2908 1173 2964 A.
1191 2927 1220 2982 p.
1235 2924 1272 2964 22
1276 2925 1293 2982 3

198 3007 317 3080 scripsit
351 3008 391 3064 de
424 3026 451 3064 v.
469 3005 528 3081 376
552 3007 710 3064 Troadum
739 3001 812 3082 (οὓς
839 3001 866 3065 δ’
890 3001 989 3081 Ἄρης
1016 3003 1097 3084 ἕλοι)
1121 3016 1151 3064 et
1174 3027 1199 3070 v.
1223 3008 1294 3083 387,

201 3090 343 3164 conferas
366 3117 526 3183 praeterea
547 3127 572 3164 v.
591 3122 753 3182 371—372
778 3126 847 3164 curn
869 3126 896 3163 v.
913 3123 1077 3182 392—303
1102 3103 1236 3184 (ἡδονὰς
1258 3140 1293 3148 -

200 3204 336 3284 ἡδοναί).
374 3209 493 3266 Tamen
515 3226 645 3266 necesse
668 3216 715 3265 est
738 3209 924 3264 coniciamus
947 3216 1077 3282 utroque
1100 3209 1168 3265 loco
1184 3227 1220 3264 ex
1237 3210 1295 3266 alia

199 3308 302 3365 fabula
323 3309 489 3383 EurIpidea
513 3308 760 3383 amplificatorem
782 3326 868 3365 suarn
890 3309 1049 3365 materiam
1071 3308 1220 3367 hausisse.
1247 3309 1295 3367 Ita

199 3409 329 3466 fortasse
365 3427 479 3484 operae
512 3409 643 3485 pretium
677 3417 724 3466 est
753 3410 903 3466 adnotare
926 3409 956 3465 in
978 3409 1147 3467 Protesilao
1181 3410 1294 3479 fabula,

200 3527 292 3584 quam
314 3510 373 3566 Iam
397 3527 488 3584 supra
511 3509 823 3577 commemoravimus
858 3509 958 3565 locum
990 3509 1115 3566 infuisse
1138 3511 1233 3567 videri
1256 3513 1294 3568 si·

198 3609 354 3666 millimum
385 3611 438 3669 Tr.
468 3630 495 3670 v.
521 3610 695 3686 386—303,
730 3610 767 3671 cI.
801 3610 890 3669 Ovid.
923 3609 996 3668 Her.
1029 3610 1100 3666 XIII
1123 3610 1292 3685 135-146‚

200 3710 272 3769 ibid.
290 3728 316 3768 v.
337 3725 389 3782 131
411 3730 478 3768 eum
495 3712 545 3770 Tr.
563 3731 589 3771 v.
607 3709 677 3783 308.
711 3710 758 3767 Ne
774 3729 800 3769 v.
815 3709 874 3782 665
892 3728 935 3784 sq.
958 3711 1092 3784 quidem,
1108 3729 1185 3785 quos
1201 3721 1293 3768 antea

199 3828 267 3866 cum
290 3809 449 3868 Dindorfio
483 3813 704 3878 damnavimus,
737 3811 829 3886 plane
864 3810 1025 3867 abhorrere
1059 3811 1097 3867 ab
1128 3812 1183 3880 eiS,
1213 3830 1292 3886 quae

199 3910 385 3969 Protesilaus
405 3914 597 3980 continuerit,
619 3912 693 3969 utiIe
710 3918 757 3968 est
772 3911 858 3980 scire,
877 3911 914 3970 cf.
931 3911 965 3968 fr.
982 3910 1042 3983 655
1059 3920 1090 3968 et
1106 3929 1185 3986 quae
1201 3920 1290 3969 acute

199 4011 239 4066 de
261 4011 320 4069 hoc
344 4013 514 4087 fragmento
538 4015 669 4071 coniecit
681 4010 855 4069 Welckerus
876 4008 942 4086 (Gr.
955 4011 1006 4069 Tr.
1020 4013 1048 4068 H
1063 4032 1092 4087 p.
1104 4012 1292 4087 495-406).

200 4111 262 4169 Sed
283 4121 318 4169 ut
339 4115 380 4170 ad
402 4114 537 4171 Alcestin
561 4117 734 4182 redeamus
768 4130 839 4169 eum
860 4112 1024 4169 Herculem
1046 4113 1140 4169 multo
1163 4112 1292 4170 ferocio-

194 4229 269 4280 rem,
291 4229 382 4287 quem
405 4214 564 4272 desiderat
587 4213 760 4282 scholiasta,
784 4213 851 4288 ipse
873 4212 1035 4288 Euripides
1058 4212 1240 4286 depinxerat
1261 4214 1293 4269 in

195 4331 235 4373 ea
266 4313 378 4384 sabula,
411 4315 459 4372 cui
491 4333 605 4376 nornen
638 4324 686 4373 est
708 4310 831 4391 Σολεὺς
854 4309 1038 4392 Σατυρικός.
1081 4313 1159 4374 Nam
1181 4312 1212 4372 in
1231 4313 1290 4374 hac
1385 4375 1387 4378 .
