2992 4920
761 312 776 360 6

222 484 332 543 derunt
360 485 413 542 viri
442 487 536 553 docti,
569 504 672 561 neque
698 486 899 561 Euripideam
929 504 1030 561 neque
1053 485 1206 543 Graecam
1235 501 1313 544 esse.

223 585 388 644 Praeterea
410 606 472 644 non
495 596 558 645 tam
581 606 693 646 caecus
717 606 793 655 sum,
816 597 933 645 utnon
959 588 1081 645 videam
1103 587 1222 643 leuibus
1245 602 1318 644 con·

225 688 348 766 iecturis
375 688 431 745 hos
455 706 559 746 versus
582 691 683 747 sanari
709 708 773 758 pon
795 706 899 765 posse.
943 688 1022 745 Nam
1044 688 1133 745 valde
1155 687 1244 744 nobis
1268 705 1320 745 ca·

222 789 356 845 vendum
382 789 448 855 erit,
482 807 521 846 ue
549 807 618 846 cum
648 790 795 864 Madvigo
822 789 874 863 qui
902 783 1150 863 έσφαιρισμένοι
1188 787 1318 844 scribere

222 888 295 956 vult,
323 906 378 963 pro
402 887 478 945 falso
501 889 651 946 vocabulo
672 890 764 964 plane
785 890 944 946 ridiculum
966 905 1127 963 ponamus
1155 888 1241 961 quod
1263 887 1320 961 By·

223 989 336 1046 zantini
359 991 522 1064 scriptores
545 991 585 1048 de
604 992 647 1048 eis
665 991 824 1058 adhibent,
851 990 903 1064 qui
924 990 1006 1064 pilae
1027 990 1123 1046 modo
1146 989 1232 1064 equis
1256 988 1320 1044 dei-

223 1091 344 1148 ciuntur
365 1087 483 1167 (Madv.
506 1092 584 1150 Adv.
606 1090 679 1151 Crit.
701 1092 715 1149 I
736 1110 765 1166 p.
785 1084 868 1170 245).
900 1090 947 1148 Ne
971 1089 1173 1148 Schenldiana
1195 1089 1319 1165 quidem

224 1191 413 1249 coniectura:
438 1187 473 1251 ἐκ
495 1189 556 1266 γὰρ
579 1189 850 1268 ἐσφραγισμένων
868 1187 979 1266 δόμων
1002 1186 1152 1264 καθήμεθ’
1168 1190 1224 1247 hos
1241 1191 1320 1246 duos

223 1308 328 1348 versus
352 1292 497 1367 Euripide
521 1293 630 1367 dignos
653 1294 784 1351 reddere
810 1301 913 1369 potest
936 1289 1018 1367 (Car.
1042 1289 1182 1348 Schenkl.
1206 1290 1319 1364 disput.

223 1394 264 1449 de
287 1393 362 1449 locis
385 1392 500 1467 aliquot
522 1393 593 1452 Eur.
615 1393 765 1451 Herculis,
790 1392 1006 1468 Pragae1874
1028 1409 1057 1466 p.
1078 1390 1138 1461 ιο).
1162 1389 1240 1448 Nam
1262 1389 1321 1446 uti·
1394 1471 1398 1474 ᾖ

225 1510 284 1567 que
307 1492 496 1550 intolerabile
520 1503 567 1552 est
582 1491 743 1569 καθήμεθ’,
766 1495 910 1569 quoniam
932 1493 1017 1551 notio
1041 1491 1171 1549 sedendi
1194 1491 1225 1547 in
1240 1510 1266 1551 v.
1280 1489 1319 1563 48

226 1625 260 1634 -
288 1590 396 1669 βωμὸν
423 1591 540 1656 καθίζω
564 1627 603 1635 -
631 1604 663 1652 et
685 1596 716 1651 in
740 1616 767 1653 v.
785 1611 820 1667 51
847 1626 884 1635 -
909 1587 1000 1654 τάσδ’
1025 1589 1123 1667 έδρας
1151 1587 1321 1667 φυλάσσο-

225 1711 337 1769 μεν-
359 1695 420 1751 iam
435 1696 517 1753 'satis
540 1714 691 1772 superque
713 1715 860 1772 expressa
883 1704 938 1756 est.
967 1695 1066 1752 Multo
1086 1703 1188 1752 antem
1210 1694 1320 1762 minus

224 1795 249 1852 si
272 1803 355 1852 recte
378 1795 479 1864 video,
507 1814 600 1871 qnam
622 1797 699 1855 haec
722 1797 853 1855 molesta
876 1797 1015 1853 eiusdem
1037 1795 1211 1853 sententiae
1234 1813 1322 1870 repe·

225 1895 291 1952 titio
315 1902 347 1951 et
368 1895 492 1952 verbnm
516 1892 806 1973 έξεσφραγισμένοι
828 1898 901 1955 illud
917 1896 1078 1971 vituperari
1100 1902 1214 1970 potest,
1236 1897 1322 1970 quod

225 1995 273 2053 Kl.
295 2013 386 2070 aegre
405 1995 472 2065 fert,
495 1998 569 2054 dum
585 1999 742 2056 desiderat
756 2016 811 2075 pro
826 1996 967 2074 τιθέντες
984 2030 1023 2040 -
1038 1995 1206 2073 τιθέμενοι.
1243 1996 1321 2054 Nam

224 2095 400 2154 defenditur
423 2098 523 2155 forma
547 2099 646 2157 activa
666 2099 711 2157 his
734 2102 808 2159 locis
831 2101 1019 2176 Euripideis:
1041 2096 1321 2172 El.1208-·1209.

227 2197 308 2274 Cycl.
322 2213 392 2272 544.
406 2198 459 2263 Or.
475 2199 543 2260 280.
562 2201 612 2259 Tr.
630 2218 718 2277 1305,
734 2204 808 2261 ibid.
826 2219 914 2279 1307,
937 2202 1039 2260 multis
1055 2201 1201 2259 similibus
1218 2218 1321 2257 exem·

224 2299 292 2374 plis,
315 2298 524 2371 Quamobrem
539 2320 599 2376 ego
615 2304 769 2362 mordicus
793 2313 886 2361 teneo
903 2305 1016 2362 tradita
1031 2303 1136 2359 verba:
1165 2295 1322 2381 ἀστρώτῳ

225 2396 314 2479 πέδῳ
336 2397 479 2475 πλευρὰς
501 2399 651 2478 τιθέντες,
674 2423 737 2462 non
763 2406 858 2462 modo
881 2406 953 2481 quia
974 2404 1127 2462 sententia
1158 2421 1185 2461 v.
1201 2415 1322 2474 51-52

224 2500 321 2573 magis
344 2501 532 2576 abrumpitur
554 2521 645 2578 quam
667 2505 747 2562 bene
769 2504 918 2563 clauditur
940 2505 1031 2561 nudis
1048 2502 1146 2559 verbis
1165 2496 1322 2582 ἀστρώτῳ

224 2596 323 2680 πέδῳ,
348 2602 404 2658 sed
427 2602 519 2659 etiam
534 2605 606 2679 quia
620 2606 801 2681 Amphitruo
823 2607 855 2663 in
878 2605 936 2664 hac
956 2623 1031 2663 snae
1057 2601 1246 2661 condicionis
1270 2604 1324 2659 de-

225 2702 391 2776 scriptione
413 2721 476 2760 non
498 2706 623 2763 omuino
646 2708 787 2764 omittere
811 2707 919 2764 debuit
942 2724 1011 2764 eam
1034 2722 1108 2772 rem,
1138 2721 1218 2779 qnae
1240 2721 1321 2760 nunc

226 2801 337 2860 falsarii
360 2802 468 2860 fraude
490 2807 675 2882 amplificata
697 2817 729 2865 et
752 2809 839 2865 malis
856 2806 1010 2865 vocabulis
1034 2807 1201 2864 obscurata
1223 2812 1325 2863 exstat

226 2903 256 2959 in
278 2921 304 2962 v.
320 2917 452 2976 53—54.
489 2905 609 2964 Accidit
635 2909 716 2964 enim
737 2908 828 2984 plane
853 2907 1037 2965 contrarium
1060 2914 1153 2981 atque
1176 2905 1225 2965 Kl.
1249 2922 1324 2961 con·

226 3005 307 3074 iecit,
330 3022 399 3062 cum
422 3024 525 3065 versus
549 3008 608 3077 ille,
637 3027 729 3083 quem
752 3010 795 3066 vir
817 3009 1012 3067 doctissimus
1037 3008 1154 3065 fontem
1177 3023 1245 3063 esse
1268 3023 1324 3062 no·

227 3114 308 3163 strae
332 3106 575 3182 interpolationis
599 3110 707 3179 credit,
731 3127 787 3167 suo
810 3112 879 3168 loeo
902 3109 971 3166 ferri
993 3118 1137 3185 nequeat.
1182 3108 1231 3164 An
1254 3124 1324 3164 cen·

227 3205 360 3262 sebimus
382 3206 562 3283 Euripidem
589 3210 712 3269 finxisse
734 3211 892 3286 Megaram
916 3210 989 3267 talia
1011 3208 1094 3283 Lyco
1117 3215 1324 3282 exponentem

227 3307 329 3381 qualia
351 3306 429 3364 haec
451 3317 521 3365 sunt
544 3306 585 3384 (v.
603 3304 694 3387 330):

375 3402 497 3482 δόμους
520 3403 663 3484 ἀνοίξας·
684 3410 743 3471 νῦν
764 3408 826 3485 γὰρ
848 3405 1103 3483 έκκεκλείσμεθα,

227 3524 295 3564 cum
311 3507 413 3580 Lycus
436 3509 501 3582 ipse
521 3511 646 3567 domurn
661 3510 800 3569 Herculis
824 3511 925 3568 claudi
940 3518 972 3567 et
987 3510 1141 3585 obsignari
1163 3504 1323 3565 iussisset?

228 3607 267 3663 At
291 3607 376 3664 dicas
405 3607 532 3666 forsitan
563 3628 626 3667 non
647 3611 721 3684 Lyci
749 3629 844 3666 causa
871 3611 927 3666 sed
949 3618 1157 3685 spectatorum
1180 3606 1321 3664 additum

227 3725 297 3763 esse
320 3707 402 3765 hunc
425 3726 552 3768 versum.
582 3709 676 3781 Quod
699 3711 827 3767 libenter
849 3711 892 3766 ita
914 3711 1064 3777 concedo,
1088 3718 1121 3765 ut
1144 3710 1246 3765 dicam
1269 3706 1324 3763 fal·

228 3809 340 3864 sarium
363 3809 436 3865 satis
460 3810 624 3883 insipidum
646 3813 802 3868 iutmsisse
826 3830 853 3870 ν.
881 3825 950 3884 330,
974 3819 1007 3867 ut
1029 3810 1075 3866 vel
1097 3808 1323 3885 stupidissimus

227 3910 358 3982 quisque
381 3909 468 3966 facile
490 3911 682 3985 intellegeret
703 3913 831 3986 primum
855 3929 973 3968 versum
996 3911 1070 3984 Lyci
1093 3903 1201 3986 (332lz

378 4005 469 4069 ἔσται
493 4005 570 4070 τάδ’·
593 4007 691 4083 οἴγειν
714 4010 836 4091 κλῇθρα
858 4007 1059 4085 προσπόλοις
1082 4007 1175 4081 λέγω.

229 4110 299 4182 Ipse
315 4109 477 4184 Euripides
500 4120 584 4167 certe
605 4129 757 4186 nusquam
780 4130 873 4168 ausus
897 4120 944 4168 est
967 4112 1024 4169 hac
1039 4110 1157 4197 ratione
1173 4105 1324 4183 “ψυχρῶς

229 4211 275 4290 τῷ
304 4204 429 4292 θεάτρῳ
459 4208 765 4290 προσδιαλέγεσθαι’
792 4209 843 4288 (cf.
880 4211 976 4273 schol.
1008 4211 1109 4290 Eurip.
1144 4209 1195 4275 Tr,
1229 4209 1322 4288 v.36.
