2992 4920
726 306 760 362 32

196 473 360 550 polationis
388 489 493 529 versus
522 467 610 549 (30¹)
643 481 676 529 et
708 473 843 530 omnium
873 475 966 549 longe
988 473 1182 534 difficillimus
1204 476 1293 537 etin

198 576 307 634 codice
330 573 538 632 Laurentiano
564 582 596 631 et
622 575 654 630 in
679 574 755 631 libro
780 573 985 632 Schenkliano
1006 576 1049 633 ita
1072 577 1203 635 traditus
1229 586 1297 636 est:

343 671 424 754 ῥᾷον
446 671 508 749 γὰρ
530 669 642 750 αἰδοῦς
661 671 836 751 ὑπολαβὼν
858 672 925 751 φίλ’
948 671 988 736 ἂν
1009 673 1129 751 τέμοις,

196 778 228 836 iu
239 785 370 850 utroque
388 777 462 833 libro
475 777 657 834 adnotatum
671 785 719 834 est
730 779 772 833 ad
784 774 893 852 τέμοις
905 779 1031 835 verbum
1039 777 1154 853 τελοῖς.
1180 778 1247 840 Wil.
1264 781 1298 837 in

197 874 509 951 editionesuare'potg
518 878 647 934 servavit
659 885 691 934 et
701 886 767 934 arte
779 879 937 935 coniunxit
946 879 1037 936 verba
1049 872 1158 954 φίλ’ἂν
1168 877 1296 955 τέμοιςῑ

197 997 290 1056 quam
301 979 468 1036 dictionem
485 978 624 1035 conferre
638 979 758 1035 videtur
773 996 842 1036 cum
857 981 978 1047 talibus
989 980 1097 1055 quales
1109 989 1180 1039 sunt
1195 992 1298 1042 σπον-

198 1078 258 1155 δὰς
272 1077 398 1154 τέμνειν
411 1075 495 1153 (Hel.
512 1074 604 1156 ¹235)
617 1087 650 1136 et
660 1076 751 1155 φίλια
764 1077 891 1154 τέμνειν
902 1077 1022 1156 (Suppl.
1035 1097 1073 1157 37
1077 1078 1119 1156 5).
1141 1081 1206 1139 Nos
1229 1102 1296 1140 non

199 1182 381 1256 negabimus
415 1179 495 1237 hanc
524 1182 759 1255 explicationem
789 1199 852 1238 non
878 1182 978 1238 minus
1006 1199 1077 1239 esse
1109 1183 1299 1258 probabilem

200 1301 292 1359 quam
315 1281 469 1356 vulgatam
491 1281 782 1356 interpretationem,
805 1299 866 1357 qua
891 1284 1001 1340 misere
1024 1301 1104 1358 quae
1130 1283 1300 1342 cohaerent

200 1384 389 1452 dirimuntur,
412 1401 597 1459 quamquam
618 1383 690 1440 olim
711 1385 895 1458 putavimus,
917 1384 1065 1458 Stephani
1088 1387 1298 1448 coniecturam

198 1481 308 1560 τύχοις
330 1494 456 1560 propter
479 1484 599 1543 Heracl.
623 1502 650 1543 ν.
672 1483 734 1556 460
766 1486 929 1558 genuinam
952 1486 1101 1560 praebere
1123 1486 1299 1548 lectionem.

198 1586 264 1642 Sed
287 1586 432 1660 quoniam
453 1584 653 1641 incertissima
675 1593 722 1641 est
739 1602 809 1642 vera
826 1584 913 1641 huius
936 1585 1035 1640 insani
1061 1602 1166 1642 versus
1188 1585 1297 1654 forma,

198 1688 339 1745 omnibus
362 1687 547 1743 coniecturis
569 1681 773 1761 parcamus¹).

494 1982 556 2052 De
584 1979 697 2051 Herc.
724 2004 759 2050 v.
787 1983 994 2069 μην-306.

302 2181 416 2237 Versus
433 2177 600 2252 302—306
614 2177 697 2234 nullo
712 2178 807 2233 modo
829 2177 984 2234 conciliari
1004 2193 1095 2251 posse
1118 2196 1188 2235 cum
1203 2185 1295 2253 quat·

200 2292 270 2341 tuor
292 2283 344 2358 qui
365 2282 555 2339 antecedunt
583 2279 719 2335 versibus
747 2278 795 2333 vix
821 2282 970 2352 opus'est
991 2279 1103 2336 dicere.
1158 2278 1297 2353 Apparet

201 2385 282 2440 enim
305 2383 361 2440 hos
384 2383 519 2458 quinque
541 2397 646 2438 versus
668 2380 711 2436 ita
726 2395 795 2434 esse
811 2380 950 2454 scriptos,
974 2387 1008 2436 ut
1022 2379 1165 2435 crederes
1176 2379 1293 2454 Lycum

201 2518 272 2527 ...η-
276 2515 397 2522 -.-—--.

305 2624 330 2693 ι)
350 2627 392 2674 De
412 2623 518 2675 Heracl.
547 2640 571 2674 v.
590 2623 732 2688 456-460
760 2623 793 2672 ab
822 2623 944 2674 Vsenero
973 2622 1084 2684 deletis,
1110 2636 1179 2686 quos
1206 2628 1299 2672 nostro

202 2715 272 2773 locu,
290 2715 323 2763 de
343 2730 396 2780 quo
414 2715 495 2762 modo
515 2712 716 2778 disputavimus,
744 2710 894 2760 simillimos
919 2727 978 2760 esse
1006 2709 1188 2775 unusquisque
1217 2711 1300 2776 videt,

202 2804 271 2854 salso
285 2803 411 2852 iudicavit
422 2817 548 2851 novorum
556 2800 798 2866 Pythagoraeorum
812 2798 1012 2859 audacissimus,
1023 2801 1045 2850 Ι.
1058 2800 1080 2848 Ι.
1094 2798 1166 2862 Oeri,
1184 2798 1230 2862 qui
1248 2797 1267 2851 l.
1281 2797 1301 2848 l.

201 2909 226 2957 p,
240 2903 346 2955 33-34
365 2889 430 2939 haec
448 2890 512 2938 satis
531 2889 621 2955 lepide
642 2896 804 2938 commentus
825 2895 875 2936 est:
898 2888 962 2938 ‘Mit
980 2889 1040 2938 dem
1062 2886 1218 2946 Gedanken,
1238 2887 1300 2937 dass

202 2978 367 3043 Eurystheus
387 2980 490 3039 gemiss
519 2977 607 3025 seiner
624 2975 754 3024 Thorheit
782 2974 839 3024 sich
868 2990 908 3024 am
936 2976 1052 3026 liebsten
1080 2990 1112 3023 an
1141 2975 1201 3023 dem
1230 2975 1302 3025 alten

201 3068 443 3129 Waffengenossen
463 3064 510 3113 des
531 3065 665 3114 Herakles
684 3064 834 3127 vergreilen
853 3064 952 3124 wiirde,
971 3065 1103 3114 motiviert
1120 3061 1215 3127 Jolaos
1235 3077 1300 3125 ganz

203 3155 299 3217 richtig
328 3155 371 3203 die
391 3153 537 3215 Hoffnung‚
566 3154 628 3203 dass
654 3152 728 3202 seine
750 3150 944 3215 Auslielerung
969 3154 1091 3215 geniigen
1118 3151 1217 3208 werde,
1246 3152 1300 3200 und

202 3243 270 3292 auch
299 3243 342 3290 die
362 3241 584 3290 Schlusssentenz
611 3241 699 3304 klingt
727 3241 788 3290 icht
815 3240 1016 3304 euripideisch’.
1054 3242 1113 3288 Nos
1132 3238 1302 3290 vehementer

203 3330 362 3390 doleremus,
382 3330 404 3379 si
417 3328 481 3378 talia
492 3329 638 3394 Euripidea
652 3337 748 3380 essent.
777 3329 872 3393 Neque
892 3336 978 3377 autem
997 3329 1018 3378 I.
1029 3329 1050 3378 1.
1064 3327 1127 3377 Oeri
1147 3327 1225 3376 nobis
1243 3343 1302 3393 per·

204 3420 335 3478 suadebit,
359 3426 388 3467 ut
412 3417 560 3483 lapidosam
584 3418 782 3482 interpolatoris
807 3417 962 3483 sapientiam
985 3431 1034 3482 pro
1053 3430 1122 3482 pane
1145 3431 1207 3464 vere
1226 3416 1302 3465 Euri-

203 3508 284 3573 pideo
304 3522 488 3557 consumamus
508 3513 534 3555 et
552 3506 609 3556 sine
628 3506 752 3556 molestia
771 3520 975 3570 concoquamus.
1006 3506 1091 3553 Immo
1105 3505 1126 3552 si
1142 3505 1300 3554 contrarium

203 3597 335 3645 diceretur
353 3602 431 3659 atque
449 3595 477 3643 in
494 3594 536 3644 his
554 3595 675 3644 versibus
694 3595 772 3655 inest,
799 3593 956 3644 sententiam
982 3608 1043 3642 vere
1062 3592 1235 3658 Euripideum
1256 3592 1301 3642 ha·

203 3685 334 3744 beremus,
357 3690 386 3732 ut
410 3683 438 3732 in
460 3682 559 3736 Beller.
575 3685 614 3734 vfr.
635 3696 686 3745 292
713 3684 820 3747 egregie
847 3682 990 3748 opponitur
1019 3679 1150 3742 ὁσκαιὸς
1168 3679 1240 3746 ἀνὴρ
1258 3685 1300 3748 τῷ

203 3776 298 3840 σοφῷε

439 3858 481 3911 ἀεὶ
499 3859 554 3925 γὰρ
573 3858 662 3924 ἄνδρα
682 3858 780 3910 σκαιὸν
801 3856 916 3924 ἰσχυρὸν
935 3856 1019 3921 φύσει

437 3944 527 4011 ἧσσον
546 3946 659 3998 δέδοικα
677 3945 832 4008 τάσθενοῡς
850 3961 883 3998 τε
901 3946 946 3997 καὶ
966 3948 1068 4010 σοφοῦ.

203 4033 385 4084 Nihilominus
409 4035 466 4100 ipse
490 4042 556 4100 puto
575 4034 711 4083 falsarium
729 4052 753 4086 v.
771 4035 823 4099 458
844 4041 870 4083 et
889 4045 940 4098 459
960 4049 992 4082 ex
1011 4033 1142 4098 Euripide
1160 4033 1212 4082 sibi
1232 4048 1302 4082 corn·

202 4121 310 4189 pilasse.
339 4122 458 4172 Sufficiet
473 4123 542 4173 enim
557 4123 590 4170 ad
605 4123 730 4187 optimam
748 4123 904 4172 sententiam
919 4123 1107 4172 restituendam
1126 4138 1175 4189 pro
1196 4121 1299 4187 ἔχθραν

204 4226 302 4277 ponere
322 4211 407 4276 κῆδος
425 4210 477 4296 vel.
487 4210 589 4274 λόγους
606 4210 650 4259 vel
671 4210 758 4260 simile
776 4210 942 4261 vocabulum.
