2992 4920
736 384 766 438 ¹9

202 545 332 601 debetur
356 545 559 602 coniecturae.
587 543 622 598 ln
645 543 757 599 eodem
779 560 867 599 versu
884 538 972 619 (185)
988 543 1172 602 Wecklinius
1187 554 1219 602 ct
1231 544 1296 604 Wil.

200 647 347 703 traditum
368 639 396 704 r'
417 661 536 702 servare
558 643 674 712 malint,
698 645 770 718 quia
793 645 939 700 nonnulla
962 653 1033 702 ante
1050 664 1076 705 v.
1094 646 1150 718 185
1168 642 1296 722 (exWil.

201 748 353 804 sententia
369 746 448 803 duos
464 742 580 816 versus)
603 744 756 800 excidisse
779 745 970 805 arbitrantur.
991 746 1171 820 Hartungus
1194 756 1297 805 autem

199 865 254 921 pro
283 843 414 922 ἐρωτῶν
445 845 557 902 conicit
582 845 761 918 ponendum
789 862 858 902 esse
885 840 1030 921 Ἐρέτρια
1058 850 1103 905 νε]
1124 843 1296 923 Ἐρετρίας.

198 948 273 1006 Mihi
302 957 411 1006 neutra
439 947 590 1004 sententia
616 946 782 1021 probabilis
810 954 871 1004 est:
906 948 962 1004 sed
984 950 1025 1004 de
1049 956 1197 1007 structura
1220 944 1297 1010 ἀνα·

198 1045 355 1130 κολούθῳ,
383 1067 474 1124 quam
496 1049 678 1122 interpretes
706 1047 888 1104 invenerunt
914 1049 944 1104 in
968 1051 1128 1125 participio
1153 1047 1294 1126 ἐρωτῶν,

200 1152 360 1208 consentio
384 1168 453 1208 cum
473 1149 645 1222 Hartung0,
675 1148 727 1222 qui
749 1156 832 1205 recte
855 1151 1015 1207 contendit
1036 1152 1096 1209 tale
1119 1146 1297 1212 ἀνακόλου-

198 1253 257 1312 θον
279 1251 469 1309 intolerabile
492 1267 570 1307 esse.
614 1247 723 1322 Neque
746 1258 850 1306 autem
873 1259 980 1308 auctor
1001 1269 1141 1310 versuum
1168 1254 1232 1328 ipse
1255 1256 1296 1310 de

198 1362 349 1410 structura
372 1347 583 1430 ἀνακολούθῳ
607 1351 727 1407 videtur
757 1351 925 1426 cogitasse:
959 1352 1050 1409 immo
1077 1370 1144 1409 eam
1172 1362 1296 1410 senten·

197 1455 271 1511 tiam
301 1454 469 1528 exprimere
502 1450 606 1521 voluit,
641 1469 733 1526 quam
758 1451 938 1526 Hartungus
971 1455 1106 1527 postulat
1140 1455 1296 1529 explicans

198 1556 285 1631 quasi
313 1555 390 1611 haec
416 1554 529 1628 scripta
559 1553 632 1610 sint:
678 1548 807 1628 Δίρφυς
835 1549 862 1612 δ’
888 1550 1079 1628 ἐρωτωμένη
1107 1550 1167 1614 οὐκ
1195 1549 1234 1614 ἄν
1264 1557 1296 1614 o’

197 1651 407 1715 ἐπαινέσειεν.
450 1655 596 1711 Fortasse
619 1653 700 1710 enim
722 1653 780 1709 hac
806 1656 926 1710 ratione
952 1655 1144 1729 interpretari
1165 1657 1292 1712 debebi-

196 1773 279 1813 mus:
301 1750 499 1830 ‘Quicunque
521 1755 690 1827 interrogat
704 1749 845 1829 Δίρφυν,
868 1773 930 1812 non
946 1764 976 1812 te
992 1750 1155 1814 laudabit'.
1180 1755 1296 1827 Quam·

197 1874 289 1930 quam
314 1855 397 1912 haud
420 1857 527 1931 ignoro
550 1855 704 1912 hominem
727 1855 864 1912 Atticum
886 1857 926 1912 ad
952 1857 1033 1935 hunc
1056 1874 1180 1913 sensum
1203 1857 1295 1932 signi·

197 1956 352 2014 ficandum
373 1957 531 2014 articulum
550 1956 709 2030 participio
725 1940 902 2013 additurum
918 1965 970 2013 aut
985 1957 1167 2032 scripturum
1183 1957 1293 2014 fuisse:

196 2053 328 2132 ἐρωτῶν
341 2074 398 2130 τις.
428 2056 490 2113 Sed
508 2058 601 2113 decet
623 2055 779 2112 falsarium
802 2057 856 2113 has
880 2057 1058 2131 quisquilias
1078 2059 1293 2132 grammaticas

196 2158 370 2233 neglegere.
406 2156 568 2214 lnv.186
591 2157 663 2212 mihi
684 2157 825 2231 displicet
847 2158 1024 2214 adverbium
1050 2153 1143 2226 ὅπου,
1168 2166 1292 2216 nostrae

195 2260 368 2316 sententiae
398 2257 494 2314 multo
522 2258 623 2332 aptius
651 2265 734 2315 esset
772 2258 949 2314 adverbium
982 2259 1138 2333 temporie,
1174 2277 1220 2317 ex.
1248 2277 1292 2332 gr.

195 2355 260 2438 ὅτε,
295 2360 432 2434 quamvis
455 2353 662 2418 iinouetiam
692 2360 722 2414 in
745 2359 827 2415 bona
850 2359 1027 2416 Graecitate
1048 2359 1202 2415 interdum
1224 2353 1293 2415 ‘an-

124 2514 127 2522 ,
197 2478 262 2518 sam
289 2461 376 2534 quasi
407 2460 566 2532 significet,
600 2476 660 2533 qua
693 2460 760 2532 quis
788 2459 869 2516 velut
898 2477 991 2516 manu
1025 2459 1162 2516 adhibita
1194 2460 1292 2533 possit

131 2538 134 2543 .
196 2569 352 2633 tamquam
375 2560 423 2616 via
445 2567 477 2616 et
499 2560 617 2615 ratione
643 2560 686 2615 uti
712 2559 753 2616 ad
775 2561 1007 2633 exsequendum
1030 2553 1205 2615 consilium³
1227 2556 1292 2632 (El-

194 2660 291 2717 lendti
314 2660 389 2717 Lex.
413 2659 556 2734 Sophocl.
575 2659 613 2717 ll.
635 2678 665 2734 p.
678 2675 695 2732 3
701 2656 763 2737 32).
787 2660 849 2717 Sed
872 2661 921 2717 hic
944 2660 1106 2717 molestum
1127 2667 1174 2716 est
1196 2654 1290 2728 ὅπου,

194 2761 340 2835 quoniam
369 2761 410 2817 de
437 2769 521 2817 certo
547 2761 614 2817 loco
643 2761 753 2834 agitur,
784 2763 824 2817 de
845 2762 941 2836 patria
964 2761 1047 2834 Lyci,
1082 2778 1161 2835 quae
1184 2776 1288 2816 earum

195 2869 313 2917 tantum
333 2879 432 2918 rerum
454 2862 540 2919 testis
564 2879 634 2918 esse
657 2869 782 2936 potest,
795 2879 871 2936 quas
893 2863 958 2937 ipsa
982 2862 1065 2929 vidit,
1087 2879 1151 2919 non
1175 2879 1288 2928 earum,

194 2979 274 3036 quae
296 2963 401 3019 nescio
423 2962 476 3018 ubi
498 2971 645 3018 terrarum
666 2971 738 3018 sunt
759 2971 877 3035 gestae,
912 2962 950 3021 cf.
974 2962 1067 3020 Rhes.
1091 2980 1117 3019 v.
1134 2961 1206 3030 620,
1240 2962 1290 3018 ubi

196 3071 280 3119 recte
302 3071 481 3138 usurpatum
502 3071 561 3119 est:
585 3058 624 3122 οὐ
647 3058 708 3136 γὰρ
730 3055 798 3121 ἔσθ’
822 3057 905 3122 ὅπου
923 3055 955 3139 ¹).

297 3309 322 3375 1)
342 3308 533 3358 Anacoluthon
557 3308 634 3367 illud,
666 3310 739 3374 quod
765 3325 796 3357 ex
819 3310 989 3374 interpretum
1014 3310 1145 3359 sententia
1170 3310 1239 3358 inest
1263 3311 1290 3358 in

194 3398 295 3447 verbis:
321 3396 435 3463 ἐρωτῶν
450 3436 528 3448 .....
542 3395 713 3448 ἐπαινέσειεν
731 3397 774 3445 vix
793 3398 922 3446 removeri
940 3404 1029 3464 potest
1048 3398 1198 3446 coniectura
1211 3398 1291 3446 Reis-

191 3486 282 3535 kiana:
309 3485 450 3551 ἐρωτῶντ’
480 3491 555 3534 etex
577 3483 667 3550 Scylla
689 3485 864 3534 incideremus
885 3487 913 3534 in
932 3485 1095 3550 Charybdin,
1123 3485 1146 3533 si
1175 3512 1206 3521 -
1237 3500 1289 3533 non

193 3574 262 3623 salso
290 3575 337 3622 sed
366 3574 505 3623 durissime
524 3601 555 3611 -
575 3573 641 3622 haec
660 3573 846 3622 scriberemus:
884 3572 995 3640 Δίρφυς
1013 3574 1037 3624 δ’
1056 3571 1205 3639 ἐρωτῶντ’,
1225 3573 1243 3636 ἦ
1264 3571 1290 3623 o'

191 3660 296 3726 ἔθρεψ’,
315 3657 482 3724 Ἀβαντίδος,
502 3660 554 3711 οὐκ
574 3660 608 3711 ἄν
628 3658 653 3711 σ’
672 3659 852 3712 ἐπαινέσειεν.
891 3661 1012 3709 Ceterum
1032 3659 1223 3722 ἀνακόλουθος
1242 3660 1289 3708 illa

192 3755 320 3797 structura
344 3763 532 3812 nonnunquam
556 3748 688 3797 invenitur
711 3749 739 3796 in
763 3749 884 3797 versibus
908 3742 1038 3814 suspectis
1063 3756 1089 3798 et
1108 3748 1290 3807 emendandis,

192 3851 350 3900 quamquam
378 3852 455 3884 nemo
474 3836 583 3898 negabit
604 3837 668 3884 satis
687 3851 807 3898 magnam
825 3836 908 3885 fuisse
928 3836 1061 3885 licentiam
1083 3835 1243 3885 Graecorum
1262 3836 1290 3884 in

191 3924 338 3989 participiis
358 3924 528 3990 adhibendis,
557 3932 586 3973 ut
604 3940 642 3975 ex.
662 3939 700 3986 gr.
720 3924 805 3973 ineis
826 3924 976 3983 enuntiatis,
1003 3924 1049 3972 ubi
1067 3924 1177 3972 verbum
1196 3923 1290 3988 imper-

191 4013 283 4062 sonale
303 4011 386 4080 (quod
406 4013 512 4078 dicitur)
533 4013 700 4078 participium
719 4013 787 4075 regit
806 4009 850 4076 (ci.
863 4012 976 4078 Hippol.
990 4028 1013 4063 v.
1027 4024 1139 4075 22-23,
1159 4011 1206 4059 ubi
1219 4010 1288 4060 salso

190 4101 274 4150 credit
297 4102 442 4150 orationem
471 4102 621 4150 claudicare
639 4098 801 4149 Wheelerus
826 4100 845 4148 l.
867 4100 886 4151 l.
905 4116 931 4165 p.
949 4112 1064 4176 ‹qa-43,
1092 4105 1122 4148 ut
1147 4099 1234 4147 elucet
1258 4113 1290 4147 ex

191 4187 313 4254 exemplo
333 4190 471 4240 sanissimo
492 4196 517 4237 et
536 4189 691 4247 certissime,
712 4188 784 4254 Cycl.
797 4205 822 4239 v.
833 4187 996 4254 329—331),
1015 4196 1044 4237 ut
1056 4195 1191 4254 praeterea
1209 4186 1237 4234 in
1251 4186 1288 4234 eis

192 4277 330 4342 exemplis,
358 4278 406 4326 ubi
424 4294 472 4343 pro
492 4278 649 4342 accusativ0,
679 4292 757 4342 quem
777 4278 885 4326 verbum
904 4292 998 4340 regens
1017 4275 1143 4351 postulat,
1173 4273 1291 4322 dativum
