2992 4920
739 360 770 397 12

209 539 343 580 conexus
367 522 489 580 minime
512 531 608 580 certat
641 540 711 580 cum
737 523 851 581 tradito
873 541 1014 581 versuum
1046 525 1162 582 ordine.
1200 523 1309 582 Perse-

208 640 347 682 veramus
376 635 455 699 'ergo
489 633 666 683 constanter
698 626 729 681 in
763 625 822 683 hac
847 625 1100 700 interpretatione
1123 627 1306 687 Reiskiana:

208 719 283 782 ‘Dic
297 742 401 782 annon
417 726 594 800 expeditum
609 726 647 783 sit
663 734 693 783 et
716 727 889 784 consultum
911 726 987 784 mori
1008 736 1039 785 et
1063 746 1167 785 annon
1187 736 1307 803 tempus

207 828 419 884 tantummodo
452 828 608 885 trahamus
636 828 753 903 absque
792 829 905 896 fructu,
945 847 1013 886 cum
1050 847 1113 904 non
1148 829 1303 887 valeamus

207 928 336 985 caedem
359 921 481 987 arcere?
524 929 587 985 Sed
602 928 784 1004 Amphitruo
808 937 841 986 ut
864 929 912 986 cui
926 930 1066 986 nondum
1081 931 1172 987 fixum
1188 931 1304 988 delibe-

207 1036 367 1104 ratumque
389 1030 428 1086 sit
447 1029 534 1098 mori,
567 1032 734 1104 respondet
755 1047 804 1086 res
824 1038 887 1086 tam
907 1048 1016 1105 graves
1039 1026 1204 1107 (moriundi
1229 1049 1302 1089 con·

208 1125 317 1204 silium)
352 1130 528 1188 festinando
562 1130 664 1205 perfici
697 1148 760 1187 non
792 1145 895 1205 posse.
940 1130 1018 1188 Nam
1044 1133 1075 1188 in
1098 1152 1124 1191 v.
1141 1133 1181 1208 89
1205 1134 1303 1191 solum

208 1232 333 1288 verbum
347 1228 518 1306 περαίνειν,
542 1231 626 1307 quod
641 1230 878 1306 Reiskiuslbene
896 1233 1011 1298 invenit
1026 1235 1172 1309 quodque
1188 1235 1304 1310 optime

207 1332 373 1406 opponitur
393 1333 534 1389 dictioni:
556 1328 675 1406 χρόνον
699 1329 857 1408 μηκύνειν,
881 1333 1053 1390 sententiae
1072 1334 1303 1410 Amphitruonis

207 1433 359 1493 convenit.
403 1433 442 1491 Et
465 1434 542 1491 haec
565 1433 794 1508 Amphitruonis
817 1435 922 1494 verba:
949 1429 1040 1496 οὔτοι
1062 1431 1174 1516 ῥᾴδιον
1196 1433 1305 1511 περαί-

206 1550 274 1594 νειν
297 1533 462 1624 clap‘ssime
496 1535 656 1610 impugnat
677 1534 814 1608 Megara,
839 1535 910 1591 dum
935 1535 1117 1609 interrogat:
1150 1532 1254 1609 λύπης
1276 1553 1306 1594 τι

207 1635 356 1709 προςδεῑς
371 1631 390 1709 ἤ
407 1635 511 1711 φιλεῖς
527 1630 613 1696 οὕτω
632 1630 733 1710 φάος
757 1634 823 1694 Wil.
842 1643 955 1703 autem,
980 1636 1031 1710 qui
1054 1635 1136 1693 hunc
1160 1637 1305 1694 traditum

207 1736 429 1794 sententiarum
450 1738 588 1795 ordinem
607 1738 767 1812 improbat,
790 1738 879 1794 nobis
902 1736 1019 1794 facilius
1041 1739 1255 1811 persuasisset,
1281 1737 1306 1794 si

206 1855 275 1893 eam
309 1845 501 1906 structuram,
536 1857 615 1915 quae
644 1857 668 1898 v.
691 1836 731 1895 86
755 1856 824 1894 cum
850 1857 875 1897 v.
897 1836 936 1912 87
971 1838 1128 1912 coniungit
1162 1856 1305 1913 quaeque

205 1945 331 2011 propter
364 1935 422 2011 μὲν
455 1939 665 1996 desideratum
699 1939 803 1995 durior
836 1938 926 1996 solito
959 1938 1088 2008 videtur,
1122 1940 1245 1996 omnino
1273 1941 1304 1996 in

207 2037 352 2113 Euripide
378 2039 447 2096 ferri
469 2056 532 2096 non
553 2057 645 2114 posse
668 2041 920 2098 demonstrasset.
1018 2058 1021 2062 ’

346 2543 408 2614 De
434 2542 528 2638 Lyci
556 2542 729 2614 oratione
756 2543 870 2613 Herc.
898 2568 933 2613 v.
966 2549 1168 2634 140-169.

306 2746 381 2822 Lyci
396 2747 494 2804 oratio
510 2742 704 2822 (140-169)
727 2747 823 2803 multo
844 2747 993 2820 aptiorem
1009 2756 1040 2804 et
1056 2733 1222 2804 faciliorem
1243 2769 1308 2807 ma·

211 2846 328 2916 teriam,
362 2866 453 2921 quam
476 2849 504 2904 ei
527 2865 641 2917 versus,
675 2850 715 2905 de
748 2849 857 2922 quibus
888 2849 983 2905 modo
1006 2849 1237 2923 disputavimus,
1262 2851 1306 2906 eis

209 2948 349 3021 praebuit
372 2950 450 3018 viria,
479 2951 531 3025 qui
552 2951 689 3006 versibus
711 2950 950 3024 transponendis
971 2959 1002 3007 et
1029 2949 1145 3007 lacunis
1168 2959 1305 3007 statuen-

207 3048 254 3104 dis
276 3049 414 3124 Euripidi
451 3069 553 3107 veram
587 3051 716 3108 salutem
750 3068 818 3107 esse
846 3051 1055 3125 quaerendam
1077 3058 1196 3124 putant.
1241 3050 1304 3107 Sed

206 3149 296 3207 liceat
317 3151 415 3223 nobis,
442 3170 481 3208 ne
504 3152 592 3208 nimis
613 3139 825 3226 perturliemur
843 3151 1004 3208 doctorum
1027 3151 1165 3218 virorum,
1190 3149 1241 3224 qui
1264 3151 1304 3206 de

206 3250 264 3309 hac
286 3252 426 3309 oratioue
464 3261 604 3328 egerunt,
639 3253 832 3321 auctoritate,
866 3253 1019 3328 propriam
1041 3259 1073 3308 et
1094 3269 1206 3308 novam
1228 3251 1303 3308 inire

207 3351 286 3409 viam
309 3353 350 3410 ad
374 3353 570 3422 offensiones,
605 3372 684 3428 quae
717 3354 820 3410 insunt
852 3353 897 3410 his
925 3353 1069 3420 versibus,
1092 3352 1304 3410 removendas,

205 3452 370 3528 Incipimus
389 3463 491 3512 autem
515 3475 534 3513 a
554 3453 770 3527 v.155-.—156,
793 3473 870 3529 quos
886 3455 961 3529 ipse,
986 3462 1152 3527 antequam
1164 3452 1305 3509 Herwer·

207 3555 281 3611 deni
305 3557 488 3614 sententiam
511 3576 548 3613 ex
571 3555 607 3614 N.
631 3556 832 3612 adnotatione
861 3556 964 3613 critica
989 3554 1211 3629 cognovissem,
1233 3571 1303 3628 pro·

208 3655 341 3712 scribere
366 3675 429 3714 non
451 3659 671 3716 dubitaveram.
705 3655 784 3712 Nam
806 3656 872 3712 sine
895 3655 990 3714 dubio
1013 3656 1172 3713 turbantur
1187 3662 1217 3710 et
1235 3654 1305 3711 diri-

109 3823 111 3827 ,
208 3765 332 3814 muntur
363 3757 437 3834 Lyci
469 3759 607 3816 Herculis
641 3757 806 3815 memoriae
843 3765 874 3814 et
911 3756 1069 3814 virtutibus
1104 3754 1304 3813 obtrectantis

208 3865 389 3931 argumenta
412 3857 458 3916 his
481 3860 592 3916 verbis:

358 3957 426 4032 τοῖς
446 3954 474 4019 δ’
498 3954 744 4031 ἑξαγωνίζεσθε;
766 3957 861 4018 τῶνδ’
886 3952 926 4031 ἄρ
949 3952 1070 4018 εἵνεκεν
1098 3972 1101 3978 ·

333 4106 336 4110 ⁴
357 4056 435 4134 τοὺς
457 4054 664 4134 Ἡρακλείους
686 4058 803 4132 παῖδας
827 4055 865 4118 οὐ
888 4054 1039 4137 θνῄσκειν
1061 4051 1179 4131 χρεών;

209 4159 303 4218 Tales
338 4160 419 4216 enim
452 4178 556 4218 versus
588 4161 646 4218 nisi
679 4160 710 4216 in
743 4167 882 4217 extrema
913 4167 1038 4216 nostrae
1071 4156 1304 4215 declamationis

208 4269 297 4341 parte
319 4279 470 4341 nusquam
492 4263 613 4322 tolerari
627 4270 774 4365 possunt.
807 4260 878 4322 Hoc
900 4278 972 4320 vero
994 4261 1064 4320 loco
1087 4277 1126 4318 eo
1148 4258 1304 4318 molestio-
