2992 4920
741 333 775 383 28

209 511 313 568 sertim
336 529 405 568 cum
428 511 610 569 vocabulum
632 506 856 587 ἀμαρτύρητος
890 520 1010 586 praeter
1041 512 1124 569 hunc
1153 512 1254 571 locum
1276 512 1307 570 in

209 613 292 669 bona
313 613 491 671 Graecitate
521 631 583 670 non
605 613 785 670 inveniatur.
831 613 871 670 Et
904 613 978 688 quid
1001 612 1219 688 proficeremus
1249 614 1308 672 hoc

209 732 271 772 uno
294 732 382 772 versu
399 716 575 783 emendato,
600 733 670 772 cum
685 715 840 773 sententia
855 715 949 772 totins
964 715 1024 771 loci
1043 715 1083 772 sit
1097 712 1306 790 ineptissima?

209 816 288 873 Nam
309 816 418 874 frustra
440 833 579 892 quaereS,
603 835 656 874 cur
678 817 803 873 omnino
826 816 904 873 haec
926 817 1029 873 omnia
1051 817 1092 873 de
1113 817 1214 874 liberis
1226 816 1304 873 Her·

209 918 284 977 culis
308 918 392 975 dicat
413 917 549 990 Megara.
594 917 643 974 An
674 916 737 975 fieri
765 918 889 992 poterit,
925 926 957 975 ut
982 917 1115 975 infantes
1137 917 1188 986 illi,
1222 919 1308 992 pueri

208 1017 334 1094 parvuli,
356 1025 454 1074 morte
470 1035 526 1075 sua
541 1016 695 1074 infamiam
711 1013 823 1089 (δόξαν
835 1012 949 1092 κακήν)
966 1015 1211 1092 consequantur?
1245 1018 1306 1075 Sed

209 1118 335 1193 nequis
357 1135 406 1174 me
422 1118 530 1174 erroris
555 1118 685 1191 incuset,
708 1135 788 1174 nova
805 1117 855 1174 hic
869 1119 959 1176 nobis
983 1119 1113 1176 occurrit
1135 1118 1306 1178 difficultas,

211 1219 309 1277 Poeta
331 1219 413 1276 enim
430 1237 457 1278 ν.
472 1217 636 1291 284—286
660 1220 700 1275 de
722 1220 802 1294 turpi
825 1228 922 1277 morte
945 1220 1075 1288 dixerat,
1098 1238 1191 1295 quam
1206 1220 1307 1296 Lycus

208 1340 271 1378 non
294 1320 393 1378 solum
414 1320 514 1378 liberis
538 1321 594 1377 sed
617 1320 710 1377 etiam
725 1319 870 1394 Megarae
894 1328 925 1378 et
940 1320 1152 1395 Amphitruoni
1175 1321 1308 1378 minatus

208 1429 265 1482 est.
308 1421 365 1478 His
388 1429 492 1478 autem
518 1421 653 1478 versibus
680 1415 718 1497 (v.
735 1417 913 1496 290-294)
937 1422 1038 1480 subito
1061 1421 1161 1496 agitur
1182 1439 1245 1478 non
1267 1423 1307 1478 de

209 1522 337 1597 turpiter
359 1520 522 1590 morituriS,
546 1523 611 1580 -sed
645 1523 684 1579 de
718 1523 845 1597 turpiter
875 1523 1032 1580 servandis
1064 1521 1176 1580 liberis,
1223 1520 1309 1592 Quas

208 1623 379 1682 sententias
401 1623 480 1680 inter
512 1641 546 1680 se
580 1642 643 1681 non
677 1641 845 1698 congruere
873 1625 922 1682 vix
945 1643 1023 1700 opus
1052 1625 1109 1681 erit
1130 1624 1332 1682 admonere..

208 1724 339 1783 Videtur
361 1732 463 1782 autem
486 1724 522 1793 is,
545 1724 596 1798 qui
623 1733 745 1783 nostros
769 1742 872 1783 versus
894 1726 1018 1784 Herculi
1041 1725 1176 1794 inseruit,
1201 1726 1308 1782 condi-

210 1827 332 1884 cionem
354 1825 462 1882 hornm
483 1824 654 1894 infantium,
688 1827 740 1901 qui
767 1827 948 1884 crudelitate
971 1827 1046 1903 Lyci
1073 1836 1203 1883 mortem
1226 1826 1308 1883 subi-

207 1927 265 1985 turi
287 1927 356 1996 sint,
380 1926 556 1984 confudisse
580 1934 612 1984 et
642 1917 867 1985 contaminasse
891 1945 960 1984 cum
976 1927 1158 1984 condicione
1180 1926 1308 1984 aliarum

206 2045 407 2104 personarum
429 2027 621 2102 tragicorum,
650 2036 685 2085 ut
705 2027 858 2085 Macariae
870 2028 1102 2086 Heraclidarum
1125 2021 1162 2104 (v.
1176 2042 1238 2100 500
1250 2022 1308 2101 sq.)

209 2129 257 2186 vel
280 2129 443 2186 Menoecei
469 2127 705 2204 Phoenissarum
727 2122 767 2206 (v.
784 2145 845 2203 999
861 2123 931 2206 sq.),
955 2129 1005 2204 qui
1029 2129 1107 2186 ultro
1129 2129 1228 2203 parati
1247 2127 1307 2185 sint

209 2231 286 2287 mori
306 2248 362 2304 pro
389 2229 507 2304 patriae
540 2231 586 2287 vel
620 2229 752 2287 familiae
776 2231 882 2288 salute.
926 2230 1037 2304 Itaque
1069 2229 1162 2286 etiam
1193 2235 1308 2285 statum

208 2328 355 2403 Megarae
383 2329 574 2387 commiscuit
600 2347 646 2388 ex.
668 2347 712 2403 gr.
744 2347 813 2386 cum
841 2337 922 2387 statu
945 2328 1121 2396 Erechthei,
1150 2327 1203 2402 qui
1224 2327 1308 2384 iussu

209 2430 324 2488 oraculi
347 2428 426 2487 filiae
451 2431 543 2488 vitam
564 2430 683 2506 patriae
705 2430 839 2504 largitur,
867 2429 905 2488 cf.
930 2428 964 2488 ir.
986 2427 1062 2502 363:

310 2527 373 2602 ἐγὼ
397 2529 433 2591 δέ
454 2528 532 2604 τοὺς
555 2525 662 2606 καλῶς
684 2527 879 2606 τεθνηκότας

313 2630 370 2704 Ζῆν
392 2627 473 2706 φημὶ
495 2631 618 2706 μᾶλλον
640 2631 698 2692 τοῦ
723 2628 851 2707 βλέπειν
872 2628 950 2705 τοὺς
973 2627 1013 2707 μὴ
1036 2626 1184 2704 καλῶςῙ).

212 2731 295 2789 Utile
306 2739 409 2789 autem
422 2732 479 2789 erit
493 2750 561 2790 cum
567 2732 707 2790 Herculis
719 2732 789 2790 loco
802 2750 988 2807 componere
999 2731 1139 2789 eiusdem
1145 2730 1311 2788 Erechthei

214 2833 315 2901 verba,
339 2851 418 2909 quae
440 2834 514 2892 dicit
537 2835 577 2892 de
600 2834 666 2893 filiis
690 2834 802 2892 adultis
824 2834 855 2891 in
875 2852 1010 2908 pugnam
1032 2831 1310 2908 proficiscentibus,

218 2934 252 2994 fr.
275 2933 346 3008 362,
371 2934 409 2992 28
421 2951 484 3010 sq.:

309 3031 349 3096 τὰ
373 3032 520 3111 μητέρων
542 3033 579 3097 δέ
601 3031 712 3112 δάκρυ’
735 3031 814 3096 ὅταν
837 3030 943 3115 πέμπῃ
966 3031 1062 3095 τέκνα

310 3133 454 3211 πολλοὺς
476 3133 602 3212 ἐθήλυν’
627 3132 673 3212 εἰς
696 3132 800 3212 μάχην
823 3131 1041 3212 ὁρμωμένους.

310 3237 392 3311 μισῶ
414 3237 567 3312 γυναῖκας
590 3234 708 3314 αἵτινες
729 3234 793 3314 πρὸ
814 3235 873 3298 τοῦ
897 3235 997 3298 καλοῦ

313 3345 370 3420 Ζῆν
391 3345 509 3420 παῖδας
531 3341 647 3409 εἵλοντ’
669 3345 689 3422 ἢ
713 3341 853 3424 (Matth.)
874 3343 1063 3425 παρῄνεσαν
1086 3339 1176 3403 κακά.

216 3446 278 3505 Sed
300 3447 501 3505 certissimum
524 3457 571 3505 est
598 3448 676 3506 tales
699 3446 868 3505 sententias
895 3446 926 3502 in
949 3444 1085 3503 Hercule
1117 3444 1234 3501 nullum
1254 3444 1309 3500 ha·

212 3548 286 3605 bere
308 3547 421 3605 iustum
443 3549 552 3607 locum.
596 3549 637 3606 At
659 3566 699 3605 ne
722 3557 836 3605 temere
858 3546 939 3605 hanc
970 3545 1185 3621 quaestionem
1207 3543 1309 3600 absol·

215 3666 284 3705 vere
307 3645 474 3717 videamur,
496 3667 579 3707 nunc
590 3650 783 3724 disputemus
806 3649 846 3706 de
860 3667 887 3704 v.
902 3662 1075 3722 292-293.
1108 3645 1203 3703 Miror
1218 3643 1308 3712 enim,
1382 3712 1384 3715 Υ

213 3751 299 3826 quod
312 3761 418 3808 omnes
429 3752 564 3808 editores
580 3749 726 3824 Stephani
738 3749 944 3807 coniecturam
962 3747 1030 3822 τοῖς
1043 3742 1205 3822 αἰσχροῖσι
1219 3761 1309 3821 prae·
1363 3737 1364 3741 ¹

213 3852 316 3911 ferunt
337 3853 454 3910 codicis
476 3853 598 3910 lectioni
621 3849 771 3927 ἐχθροῖσι,
796 3869 875 3927 quae
897 3851 968 3908 mihi
997 3869 1067 3908 cum
1089 3848 1216 3906 Reiskio
1239 3847 1310 3903 reti·

211 3953 317 4009 nenda
339 3952 467 4020 videtur,
491 3953 636 4027 quoniam
655 3953 887 4010 commendatur
908 3971 935 4011 ν.
960 3948 1123 4024 285-286
1147 3945 1309 4022 ἐχθροῖσιν

213 4049 318 4124 γέλων
341 4048 500 4128 διδόντας.
543 4053 815 4129 Interpretabimur
837 4061 953 4112 autem:
977 4047 1153 4110 ‘Laborant
1171 4043 1307 4122 (dolent)

316 4257 338 4330 ι)
357 4262 410 4310 Hic
428 4277 520 4311 versus
539 4261 656 4310 nondum
675 4266 781 4309 sanatus
801 4267 848 4312 est
