2992 4920
725 359 755 414 31

199 524 276 583 haec
297 543 367 602 pars
388 526 535 600 Megarae
554 525 711 594 orationis,
735 541 796 598 qua
824 525 997 599 disputatur
1024 524 1064 580 de
1086 523 1171 598 Lyco
1194 525 1291 600 preci·

128 655 133 665 ·
200 628 258 684 bus
281 629 438 697 adeundo,
460 628 636 684 necessaria
658 633 689 682 et
712 626 791 683 utilis
814 626 912 700 possit
933 625 1106 682 existimari.
1151 625 1216 683 Nos
1238 645 1292 682 ne·

196 745 314 803 gamus,
330 727 387 785 hos
403 745 507 785 versus
525 727 684 801 298-3οι
708 734 739 783 et
756 725 919 800 302-306
935 726 1035 795 linem,
1059 743 1150 800 quem
1165 726 1292 800 Megara

198 830 322 904 assequi
342 832 447 888 studet
472 831 534 887 suis
557 829 664 897 verbiS,
699 837 826 902 tangere
854 829 900 884 vel
925 829 1080 886 adiuvare.
1134 827 1190 885 Illa
1212 829 1293 885 enim

194 930 334 987 enuntiat
363 947 443 1005 quae
476 930 539 986 vult
565 947 591 987 v.
612 942 671 1002 307
705 923 808 1002 τόλμα
831 928 899 1002 μεθ’
923 923 1015 1002 ἡμῶν
1036 923 1188 997 θάνατον,
1223 945 1293 985 cum

196 1038 227 1086 et
249 1030 316 1104 ipsa
338 1039 369 1087 et
382 1029 562 1105 Amphitruo
584 1030 624 1085 de
645 1028 720 1104 Lyci
742 1029 903 1085 clementia
924 1029 985 1086 iam
1007 1029 1126 1085 dudum
1149 1030 1293 1104 despera-

201 1131 324 1198 vissent,
359 1130 612 1205 Amphitruonem
633 1137 737 1185 autem
758 1128 831 1185 nihil
856 1129 1031 1186 consoletur
1051 1129 1110 1186 nisi
1131 1128 1210 1186 haec
1232 1147 1293 1185 una

197 1247 268 1304 spes
302 1230 467 1288 Herculem
493 1249 564 1287 mox
594 1231 761 1287 rediturum
791 1247 860 1287 esse
888 1247 926 1286 ex
949 1227 1040 1289 Orco.
1085 1229 1187 1300 Quam
1209 1247 1294 1304 spem

199 1330 315 1388 futilem
349 1340 379 1388 et
412 1348 522 1387 vanam
550 1348 619 1388 esse
641 1330 769 1406 Megara
799 1330 873 1388 dicit
891 1349 925 1390 ·v.
951 1344 1126 1405 295-297.
1178 1330 1294 1406 Lycum

200 1448 272 1488 vero
293 1431 475 1506 Amphitruo
498 1450 553 1489 sua
573 1420 798 1489 declamatione
817 1449 882 1487 non
902 1432 997 1488 modo
1019 1449 1083 1488 non
1106 1431 1294 1489 deleniverat

199 1533 256 1588 sed
271 1540 358 1590 tanta
373 1533 518 1590 affecerat
532 1535 590 1601 iras
610 1541 643 1589 ut
658 1533 760 1590 statim
775 1533 832 1589 toti
849 1532 988 1590 Herculis
1012 1531 1143 1589 familiae
1165 1540 1294 1589 mortem

197 1632 296 1707 parari
324 1634 451 1691 iuberet.
498 1634 606 1709 Itaque
628 1635 780 1690 absurdus
800 1633 907 1690 fuisset
928 1635 1031 1707 poeta,
1054 1633 1079 1690 si
1100 1641 1170 1707 post
1192 1652 1218 1693 v.
1234 1649 1292 1706 232

199 1747 300 1806 -235
323 1742 355 1790 et
375 1743 445 1809 post
468 1735 543 1809 Lyci
566 1734 657 1791 verba
681 1727 874 1811 (238-251)
897 1734 1054 1808 Megaram
1077 1735 1118 1791 de
1140 1735 1292 1808 placando

198 1842 325 1908 tyranno
356 1837 545 1910 cogitantem
575 1845 607 1893 et
642 1836 850 1910 disputantem
888 1834 1020 1894 fecisset.
1076 1834 1138 1892 Sed
1172 1835 1292 1892 etiamsi

200 1935 272 2009 Lyci
295 1937 394 1992 verbis
424 1937 602 1994 deleniendi
630 1945 714 1993 recte
746 1935 805 1992 hoc
835 1935 905 1992 loco
936 1936 1051 1992 mentio
1085 1936 1167 1994 facta
1200 1944 1293 2005 esset,

201 2036 307 2110 utique
335 2037 422 2110 primi
450 2039 513 2095 duo
538 2055 643 2094 versus
672 2036 837 2112 298-299
868 2036 998 2110 sapienti
1019 2046 1132 2110 poetae
1155 2036 1296 2094 sufficere
1324 2029 1327 2033 ’

201 2138 365 2196 debebant.
403 2136 493 2196 Certe
517 2158 543 2195 v.
558 2154 620 2211 300
631 2153 734 2211 -301,
758 2138 867 2212 quibus
891 2138 931 2193 de
958 2138 1096 2211 sapiente
1119 2138 1218 2211 agitur
1240 2138 1295 2193 ini·

201 2237 291 2306 mico,
314 2236 525 2294 nihilomnino
549 2238 663 2294 faciunt
679 2238 720 2293 ad
736 2236 930 2293 sententiam.
955 2235 1038 2306 Quid
1054 2234 1147 2312 ergo?
1170 2239 1295 2295 verbum

202 2332 297 2399 εἴκειν
328 2356 431 2395 nonne
461 2339 598 2414 pessime
629 2338 798 2395 adhibitum
835 2345 883 2394 est
918 2339 950 2394 in
981 2337 1042 2411 hoc
1075 2339 1295 2395 sententiarum

202 2434 304 2495 nexu?
325 2447 420 2513 poeta
441 2457 546 2495 nonne
567 2439 663 2495 multo
679 2439 779 2513 aptius
800 2433 933 2511 φεύγειν
955 2439 1061 2508 verb0,
1085 2441 1170 2513 quod
1194 2447 1244 2496 est
1265 2439 1296 2495 in

203 2557 230 2595 v.
256 2553 325 2613 299,
361 2539 486 2596 verbum
512 2536 632 2601 πείθειν
662 2534 878 2613 opposuisset?
922 2537 1123 2596 Nihilominus
1155 2557 1195 2595 ne
1229 2540 1296 2613 quis

201 2638 278 2696 falso
296 2658 346 2697 me
367 2642 540 2715 intellegat,
575 2640 695 2696 conicio
723 2639 779 2696 hos
806 2646 950 2712 quattuor
979 2656 1083 2696 versus
1113 2639 1152 2696 ab
1181 2641 1296 2697 eodem

201 2739 405 2797 versificatore
427 2741 565 2815 Euripidi
587 2740 761 2814 suppositos
791 2756 872 2807 esse,
901 2739 945 2797 ita
973 2740 1100 2814 quidem
1130 2751 1164 2797 ut
1188 2758 1214 2799 v.
1237 2755 1296 2815 299

202 2848 233 2896 et
256 2856 317 2914 300
346 2842 476 2900 fortasse
506 2859 543 2898 ex
570 2841 717 2916 Euripide
750 2838 816 2915 ipso
850 2850 1051 2909 sumerentur,
1084 2842 1238 2916 quoniam,
1272 2843 1297 2898 si

201 2959 257 3015 per
277 2959 310 2998 se
326 2943 568 3011 considerantur,
584 2943 699 2999 bonum
718 2940 867 3016 praebent
883 2958 1007 2998 sensum
1027 2949 1059 2998 et
1078 2942 1297 2999 offensionibus

202 3043 426 3116 grammaticis
444 3050 557 3100 carent.
613 3041 659 3098 Ne
692 3061 718 3100 v.
742 3040 802 3116 298
835 3043 961 3116 quidem
991 3043 1152 3116 vituperari
1183 3050 1297 3117 potest,

202 3152 307 3200 tamen
329 3161 421 3199 unam
442 3161 505 3201 rem
529 3144 648 3200 levioris
669 3142 816 3200 momenti
838 3144 1094 3201 commemorabo
1145 3143 1300 3200 Invenitur

204 3245 285 3300 enim
308 3221 432 3301 verbum
454 3239 634 3318 μαλθάσσω
655 3247 739 3318 apud
754 3243 931 3319 Euripidem
947 3244 1007 3301 hoc
1022 3261 1083 3300 uno
1099 3245 1179 3311 loco,
1202 3244 1298 3300 forma

204 3340 365 3418 μαλάσσω
389 3346 593 3420 compluribus
615 3354 715 3403 exstat
737 3340 854 3419 locis1).
877 3345 1039 3402 Extremus
1061 3354 1186 3401 nostrae
1208 3344 1299 3402 inter-

313 3558 338 3628 1)
358 3560 433 3609 Idem
452 3561 561 3609 verbum
584 3558 777 3609 restituendum
800 3559 904 3608 videtur
931 3559 959 3608 in
988 3559 1019 3609 fr.
1036 3559 1088 3610 inc.
1109 3559 1185 3620 1064,
1203 3572 1228 3620 4,
1253 3559 1300 3607 ubi

206 3650 332 3698 traditum
352 3655 392 3697 est
412 3647 555 3714 ταράσσει.
603 3650 671 3698 Nam
689 3665 713 3699 v.
736 3658 748 3711 5
770 3661 801 3696 ex
820 3647 932 3697 Gesncri
950 3647 994 3696 vel
1013 3647 1132 3696 Dobraei
1150 3648 1300 3697 coniectura

206 3737 380 3799 corrigendus
400 3744 448 3785 est.
486 3737 607 3785 Ceterum
629 3751 689 3804 ¹non
713 3734 808 3784 inutile
827 3741 867 3783 est
886 3736 1013 3784 adnotare
1031 3734 1195 3800 Aeschylum
1216 3734 1300 3783 solam

205 3825 314 3875 sormam
327 3824 479 3889 μαλθάσσω
496 3824 659 3884 adhibuisse,
679 3833 750 3874 certe
763 3840 832 3873 nunc
851 3824 955 3872 ineius
976 3823 1073 3872 sabulis
1093 3822 1227 3887 μαλάσσω
1247 3838 1300 3871 non

206 3919 318 3964 exstare,
356 3912 504 3979 Sophocles
533 3920 619 3962 autem
647 3912 729 3962 semel
759 3919 858 3962 tanturn
887 3911 1009 3962 adhibuit
1036 3911 1188 3976 μαλθάσσω
1216 3939 1248 3950 -
1273 3917 1299 3960 et

204 4001 296 4068 paullo
313 4003 420 4067 quidem
440 4002 493 4052 alio
514 4018 594 4051 sensu
614 4008 692 4066 atquc
711 4009 802 4051 auctor
820 4002 904 4051 nostri
922 4017 944 4052 v.
956 4001 1007 4062 298
1021 4029 1051 4037 -
1067 4001 1094 4049 in
1104 4001 1169 4051 Ant.
1179 4017 1203 4052 v.
1218 4012 1298 4062 1194:

203 4088 231 4141 τί
250 4088 304 4155 γάρ
323 4102 355 4142 σε
374 4089 556 4153 μαλθάσσοιμ’
577 4089 619 4148 ἂν,
640 4088 681 4140 ὧν
700 4085 739 4150 εἰς
757 4087 877 4153 ὕστερον
895 4091 1016 4151 ψεῦσται
1034 4086 1197 4151 φανούμεθ’.
1228 4086 1298 4134 Huic

205 4179 274 4227 enim
292 4179 375 4227 verbo
394 4177 547 4242 μαλθάσσω
566 4177 642 4242 quasi
661 4175 785 4226 scholion
804 4176 955 4225 adscribere
983 4175 1071 4241 possis
1090 4178 1170 4227 Herc.
1189 4191 1213 4226 v.
1237 4186 1298 4226 100:

205 4265 365 4318 κλέπτουσα
384 4267 481 4330 μύθοις
499 4265 612 4327 ἀθλίους
632 4265 737 4328 κλοπὰς
754 4265 838 4328 ὅμως.
