2992 4920
727 393 761 446 37

194 577 278 635 gare.
321 559 455 636 Sumpslt
477 559 567 629 enim,
594 560 652 618 nisi
674 559 770 629 fallor,
793 567 901 619 auctor
923 578 950 617 v.
973 575 1140 635 309-310
1163 560 1288 618 verbum

195 659 371 738 ἐκμοχθεῖν,
395 664 481 738 quod
514 663 586 720 nihil
619 663 704 720 aliud
734 671 781 720 est
815 680 906 738 quam
940 663 1104 732 exantlare,
1134 662 1290 737 perficere,

195 765 353 822 elaborare
381 782 419 821 ex
440 772 564 822 nostrae
587 764 709 822 fabulae
741 783 766 823 v.
791 779 839 832 22,
875 763 927 819 ubi
959 762 1127 821 rectissime
1161 762 1289 823 dicitur:

196 863 248 926 καὶ
273 862 351 940 τοὺς
384 862 442 940 μὲν
474 859 595 940 ἄλλους
611 861 844 941 ’ἐξεμόχθησεν
876 860 1009 939 πόνους.
1054 864 1117 922 Sed
1140 863 1289 931 falsarius,

195 969 269 1024 dum
292 985 398 1042 parum
418 975 561 1024 accurate
576 967 646 1024 huic
661 967 753 1024 verbo
766 962 983 1041 ἐξεμόχθησεν
1005 966 1101 1041 magis
1124 965 1291 1040 superandi

196 1067 243 1124 vel
265 1067 426 1124 evincendi
448 1068 508 1124 vim
529 1064 622 1142 (quae
641 1085 660 1123 a
682 1085 773 1125 sensu
797 1086 824 1127 v.
847 1082 883 1124 22
908 1066 993 1124 haud
1013 1067 1058 1123 ita
1075 1068 1166 1140 longe
1189 1061 1290 1139 abest)

198 1187 290 1244 quam
311 1167 487 1242 perficiendi
512 1168 624 1237 tribuit,
659 1168 691 1225 iu
722 1188 747 1226 v.
771 1185 831 1242 309
851 1164 1017 1243 ἐκμοχθεῖν
1040 1167 1124 1224 idem
1147 1184 1217 1225 esse
1239 1183 1291 1222 vo-

199 1269 263 1338 luit,
299 1269 383 1342 quod
404 1269 435 1325 in
456 1267 577 1327 Heracl.
607 1287 633 1325 ν.
654 1267 715 1326 όιό
748 1263 946 1329 ἀπωθεῖσθαι
977 1268 1135 1344 significat.
1192 1269 1292 1326 Recte

197 1378 302 1428 autem
323 1368 486 1428 adhibetur
517 1365 683 1444 ἐκμοχθεῖν
714 1378 835 1445 praeter
865 1370 955 1430 Herc.
979 1389 1005 1428 v.
1031 1385 1069 1426 22
1098 1371 1128 1426 in
1151 1369 1292 1426 eiusdem

196 1471 318 1528 fabulae
341 1489 367 1531 v.
384 1469 462 1545 1369
489 1467 655 1546 ἐκμοχθῶν
682 1467 752 1548 βίου
775 1466 922 1533 εὔκλειαν
944 1466 1118 1547 (elaborans
1140 1471 1187 1528 vel
1209 1488 1292 1528 com·

195 1563 339 1648 parans):
361 1572 472 1629 eadem
494 1572 538 1628 vis
559 1573 641 1630 inest
662 1572 692 1629 iu
715 1568 881 1647 ἐκμοχθεῖν
901 1572 933 1629 in
955 1572 1059 1648 Suppl.
1084 1591 1109 1632 v.
1132 1585 1209 1644 451:
1246 1566 1291 1646 ὡς

196 1675 241 1754 τῷ
264 1667 413 1753 τυράννῳ
436 1668 557 1733 πλείον’
585 1668 724 1753 ἐκμοχθῇ
749 1669 817 1748 βίον
849 1667 1048 1751 (quamquam
1069 1673 1151 1730 hunc
1175 1690 1293 1729 versum

198 1772 312 1832 delevit
336 1765 389 1851 K.)
424 1780 455 1830 et
487 1774 518 1830 in
542 1773 594 1832 Tr.
617 1793 643 1833 v.
668 1774 727 1848 873
751 1768 842 1849 οἵπερ
862 1772 923 1849 γὰρ
946 1769 1047 1847 αὐτὴν
1070 1769 1291 1850 ἐξεμόχθησαν

200 1870 282 1950 δορί,
307 1874 359 1931 ubi
380 1882 546 1932 vertemus:
568 1869 638 1950 ‘qui
661 1893 730 1932 eam
745 1871 920 1952 (Helenam)
937 1876 1026 1933 hasta
1041 1875 1193 1932 laboriose
1209 1892 1291 1933 com·

198 1983 383 2051 paraverunt
405 1977 451 2033 vel
479 1970 759 2051 expugnaverunt':
793 1995 868 2034 cave
890 1983 996 2034 autem
1018 1995 1057 2033 ne
1079 1985 1197 2035 vertas:
1230 1969 1293 2033 ‘su-

197 2070 405 2152 peraverunt'.
459 2076 495 2133 In
527 2077 666 2134 eiusdem
699 2077 821 2135 fabulae
854 2096 880 2137 v.
904 2075 964 2150 ό4ό
985 2077 1074 2138 ταῦτ’
1098 2073 1293 2154 ἐξεμόχθουν

200 2177 465 2252 interpretabimur
496 2172 585 2236 ‘haec
623 2172 808 2236 efficiebam'
845 2180 891 2236 vel
923 2172 1134 2236 ‘exercebam'
1177 2197 1220 2238 sc.
1252 2174 1292 2238 τὰ

199 2274 359 2354 σώφρονα
383 2286 415 2335 et
437 2279 540 2336 similis
564 2287 611 2336 est
632 2296 705 2336 usus
728 2279 810 2336 verbi
826 2275 973 2341 ἐκπονεῖν
994 2279 1026 2336 in
1048 2279 1083 2336 fr.
1105 2280 1164 2339 inc.
1177 2296 1249 2355 901,
1262 2279 1291 2339 8.

196 2379 261 2455 Iph.
285 2379 323 2436 T.
346 2399 373 2438 v.
397 2378 437 2452 84
461 2387 540 2439 etv.
562 2394 650 2455 1455,
674 2381 726 2437 ubi
748 2355 914 2456 ἐκμόχθεῖν
937 2381 1133 2438 coniunctum
1154 2388 1201 2437 est
1223 2397 1292 2437 cum

198 2475 331 2553 πόνους,
353 2487 386 2536 ut
408 2480 439 2536 in
460 2479 550 2538 Herc.
574 2499 601 2539 v.
628 2495 676 2549 22,
702 2481 751 2537 vix
773 2499 850 2555 opus
872 2489 920 2539 est
942 2498 1190 2550 commemorare,
1214 2498 1290 2555 quo-

198 2581 280 2638 niam
303 2590 431 2656 uterque
454 2582 539 2640 locus
560 2600 579 2639 a
601 2583 669 2640 viris
693 2584 793 2641 doctis
816 2584 846 2640 in
869 2584 1075 2659 suspicionem
1090 2591 1218 2642 vocatus
1235 2592 1291 2643 est.

199 2683 310 2740 Restat
342 2700 381 2738 ex
413 2683 522 2740 fabulis
554 2684 681 2759 integris
712 2703 791 2742 unus
822 2685 906 2743 locus
930 2686 976 2746 El.
1000 2706 1026 2746 v.
1050 2700 1109 2760 307
1134 2680 1213 2758 αὐτὴ
1236 2683 1293 2759 μὲν

199 2780 404 2858 ἐκμοχθοῦσα
418 2779 558 2859 κερκίσιν
573 2781 727 2859 πέπλους,
751 2785 801 2842 ubi
822 2783 1026 2860 ἐκμοχθοῦσα
1042 2787 1107 2844 sine
1123 2785 1293 2843 offensione

199 2884 310 2942 dicitur
329 2884 453 2941 Electra
475 2893 592 2942 vestem
614 2894 731 2955 texenS,
766 2887 903 2961 quamvis
925 2888 1020 2944 multa
1043 2888 1121 2943 inter
1143 2904 1189 2956 ea,
1214 2904 1294 2961 quae

202 2986 325 3044 Electra
346 2985 394 3043 hic
418 2986 557 3059 loquitur,
578 2987 650 3043 mihi
673 2988 901 3062 suspectis‘sima
924 2988 983 3045 sint
1005 2995 1036 3044 et
1057 2987 1104 3044 vix
1117 2986 1293 3062 Euripidea.

198 3089 232 3145 In
256 3088 433 3163 fragmentis
457 3089 628 3163 Euripideis
656 3091 750 3148 semel
779 3091 929 3147 invenitur
951 3086 1128 3165 ἐκμοχθεῖν,
1159 3089 1191 3146 in
1211 3088 1292 3149 Dict.
1361 3109 1364 3115 ·

198 3189 233 3246 fr.
253 3187 324 3264 336,
350 3203 367 3260 5
390 3182 465 3248 ὅσοι
487 3205 521 3249 τε
554 3190 687 3266 δεσμοῖς
720 3185 972 3266 ἐκμεμόχθηνται
1002 3189 1136 3266 βροτῶν.
1193 3190 1295 3262 Quem

198 3292 299 3348 locum
321 3288 538 3360 difficillimum,
574 3309 758 3366 quamquam
785 3309 825 3348 ne
848 3291 897 3348 hlc
919 3291 1044 3366 quidem
1065 3291 1159 3349 Herc.
1182 3310 1209 3350 v.
1232 3306 1294 3365 309

199 3390 366 3449 defendere
387 3401 502 3467 potest,
524 3393 689 3466 neglegere
719 3378 791 3449 mihi
824 3409 887 3449 non
918 3392 1029 3452 licebit.
1085 3391 1157 3448 Vidi
1192 3400 1296 3448 autem

201 3512 240 3550 ex
274 3493 401 3567 antiqua
433 3494 671 3568 fragmentorum
707 3493 889 3551 collectione
921 3489 991 3568 (ed.
1019 3492 1144 3551 Barnes.
1183 3492 1242 3550 vol.
1267 3491 1296 3550 II

198 3613 228 3669 p.
249 3589 324 3669 442)
354 3611 406 3651 eas
445 3613 521 3669 quas
551 3593 623 3650 mihi
645 3612 671 3652 v.
696 3608 713 3666 5
737 3593 832 3651 movit
866 3592 1074 3651 dubitationes
1108 3592 1244 3650 adiuvari
1276 3610 1295 3650 a

202 3695 352 3763 Bentleio,
376 3695 427 3770 qui
449 3703 542 3771 negat
565 3691 816 3771 ἐκμεμόχθηνται
838 3713 907 3752 esse
930 3696 1011 3752 bene
1034 3695 1197 3753 Graecum.
1254 3693 1295 3752 Et

202 3796 339 3872 quamvis
361 3795 566 3871 periculosum
589 3797 628 3854 sit
650 3798 690 3854 de
706 3796 884 3871 fragmentis
903 3797 1049 3865 iudicare,
1071 3804 1176 3853 tamen
1198 3793 1296 3852 ausim

202 3897 343 3954 conicere
366 3905 445 3957 etv.
470 3912 487 3970 5
521 3898 652 3973 graviter
673 3914 742 3953 esse
765 3904 941 3970 corruptum
963 3905 995 3953 et
1016 3915 1042 3956 v.
1065 3895 1147 3972 7—8
1168 3895 1295 3970 pristino

200 3998 419 4056 sententiarum
441 4016 522 4056 nexu
545 3999 693 4056 violenter
713 4015 782 4055 esse
804 3998 948 4072 privatos.
991 3997 1060 4071 Ego
1083 4016 1122 4054 ue
1144 3997 1204 4055 hoc
1226 3997 1291 4071 qui·

203 4103 275 4159 dem
297 4100 433 4158 invenire
455 4118 592 4175 possum,
616 4117 668 4157 cur
689 4098 795 4172 Dictys
818 4099 943 4156 omuino
965 4099 1048 4156 dicat
1071 4099 1111 4155 de
1134 4099 1178 4156 eis
1199 4098 1296 4155 homi·

200 4201 300 4270 nibuS,
327 4201 378 4276 qui
405 4201 509 4260 vinclis
535 4201 708 4275 consumpti
735 4199 967 4261 contabuerunt.
1012 4200 1061 4256 An
1083 4199 1142 4256 hoc
1164 4198 1296 4273 δεσμοῖς

202 4301 398 4360 referendum
426 4311 473 4360 est
504 4304 545 4361 ad
575 4303 677 4360 fictam
700 4301 803 4360 Persei
824 4309 964 4370 mortem,
987 4318 1079 4377 quam
1100 4300 1225 4357 nuntius
1238 4299 1296 4356 Po-
