2992 4920
435 731 438 735 ’
521 717 582 789 De
609 716 722 788 Herc.
750 741 785 788 υ.
813 723 968 807 73—81.

296 923 509 999 Amphitruoni
524 919 746 997 προλογίζοντι
761 925 930 1009 respondet
945 925 1081 999 Megara,
1097 924 1184 982 cuius
1201 923 1293 979 verba

199 1044 297 1100 usque
319 1026 360 1081 ad
381 1045 407 1083 v.
423 1040 460 1100 73
484 1033 568 1082 recte
590 1042 623 1082 se
646 1025 769 1083 habent.
804 1025 866 1083 Sed
889 1045 907 1082 a
921 1045 948 1085 v.
967 1039 1089 1102 73-79
1112 1025 1187 1081 mira
1204 1023 1294 1080 nobis

199 1127 328 1186 occurrit
351 1126 495 1194 narrati0,
518 1144 599 1201 quae
619 1126 691 1183 mihi
714 1127 811 1202 primo
835 1128 943 1185 obtutu
966 1127 1054 1202 quasi
1078 1144 1171 1184 suave
1196 1125 1294 1201 quod·

200 1230 272 1285 dam
294 1222 454 1288 εἰδύλλιον
475 1245 538 1284 non
561 1227 722 1302 displicuit.
765 1228 885 1286 Tamen
906 1245 1006 1304 paene
1026 1229 1120 1286 invito
1140 1212 1212 1284 mihi
1226 1225 1295 1302 per-

197 1327 293 1386 suasit
314 1329 364 1387 Kl.
388 1327 431 1404 (p.
449 1321 586 1407 37-38)
614 1329 695 1386 hunc
726 1331 827 1386 locum
854 1346 1018 1386 amoenum
1050 1345 1119 1384 esse
1142 1327 1173 1383 in
1196 1327 1294 1400 suspi-

198 1431 319 1489 cionem
353 1432 536 1489 vocandum.
582 1429 775 1488 Damnantur
807 1438 910 1487 autem
944 1429 975 1486 hi
1008 1447 1112 1486 versus
1146 1428 1204 1485 hac
1232 1445 1294 1484 una

197 1530 390 1607 quaestione,
413 1548 505 1605 quam
521 1531 570 1588 Kl.
593 1531 681 1588 nobis
701 1531 870 1605 proposuit,
893 1530 1018 1587 ubinam
1042 1531 1122 1587 fores
1144 1530 1208 1586 illas
1225 1545 1295 1585 esse

197 1643 340 1710 putemus
364 1650 443 1708 quae
467 1650 594 1707 crepare
618 1632 759 1688 dicantur
780 1632 811 1688 in
833 1651 859 1692 v.
880 1645 917 1707 77
940 1640 972 1688 et
995 1629 1043 1706 78.
1086 1629 1295 1703 Quamobrem

197 1735 271 1792 mihi
303 1752 386 1791 nunc
419 1733 619 1791 certissimum
651 1742 698 1790 est
731 1731 808 1789 haec
828 1733 935 1791 ¹verba
961 1731 1108 1807 Megarae
1141 1724 1294 1806 (73—79)

197 1854 261 1893 non
283 1836 382 1893 solum
405 1855 423 1893 a
446 1853 517 1891 vero
550 1835 610 1890 fine
642 1834 799 1902 orationis,
831 1852 923 1908 quem
944 1851 1123 1908 expressum
1146 1831 1294 1888 habemus

196 1957 223 1993 v.
240 1932 374 2011 85'·-87,
406 1936 498 2010 plane
521 1936 661 1992 aberrare
694 1936 750 1991 sed
773 1935 877 2002 etiam,
902 1935 987 2009 quod
1011 1934 1052 1990 ad
1075 1934 1209 1990 colorem
1232 1949 1294 1988 ser·

197 2037 296 2094 monis
319 2037 438 2114 attinet,
462 2036 570 2093 mirum
592 2043 741 2110 quantum
764 2035 884 2091 differre
909 2053 927 2090 a
948 2034 1206 2109 praecedentibus
1228 2049 1293 2088 ver·
1356 2104 1363 2118 .
1401 2037 1405 2045 “

199 2139 291 2198 sibus.
336 2135 384 2194 De
418 2136 530 2194 tradita
563 2154 636 2193 vero
669 2135 758 2192 huius
790 2136 972 2193 narrationis
1006 2134 1103 2192 forma
1134 2153 1203 2191 cum
1225 2133 1321 2189 viris·

199 2239 299 2297 doctis
322 2238 439 2312 litigare
462 2238 509 2294 vix
532 2255 647 2312 operae
667 2237 798 2311 pretium
819 2236 883 2295 erit.
914 2236 949 2293 In
971 2255 997 2295 v.
1015 2250 1064 2310 77,
1091 2237 1205 2310 inquo
1229 2252 1295 2291 cor·

198 2341 328 2414 rigendo
347 2338 449 2395 adhuc
472 2338 583 2395 frustra
605 2338 792 2395 sudaverunt
822 2337 1004 2413 interpretes
1026 2335 1193 2411 Euripidei,
1222 2351 1295 2391 con·

199 2441 312 2497 icerem
334 2456 389 2514 pro
413 2433 600 2513 μυθεύουσα
633 2438 827 2495 scribendum
858 2454 927 2495 esse
956 2432 1203 2511 μαλθάσσουσα,
1236 2435 1293 2492 nisi

201 2540 325 2597 omnino
354 2539 511 2596 crederem
545 2556 652 2595 ornnes
685 2538 877 2596 coniecturas
900 2539 1049 2596 hocloco
1069 2556 1139 2595 esse
1161 2536 1294 2596 inutiles.

201 2637 263 2696 Sed
284 2647 403 2712 tempus
426 2645 483 2706 est,
503 2645 536 2695 ut
560 2645 750 2694 transeamus
766 2639 848 2697 adv.
865 2636 998 2707 80-81,
1023 2639 1063 2696 de
1085 2637 1194 2712 quibus
1210 2637 1293 2694 idem

200 2739 400 2796 iudicandum
433 2746 481 2795 est
514 2739 598 2813 quod
619 2740 660 2795 de
682 2756 708 2798 v.
729 2753 860 2814 73-79.
902 2739 1055 2796 Falsarius
1087 2739 1177 2807 enim,
1207 2746 1293 2813 post·

203 2854 295 2913 quam
317 2837 391 2895 vidit
405 2838 543 2899 ,insiticia
574 2858 630 2896 sua
660 2840 835 2896 narratione
858 2857 896 2896 se
913 2839 1004 2914 piane
1025 2840 1165 2896 turbasse
1186 2836 1293 2911 genui-

200 2956 272 2995 num
295 2955 415 2994 cursum
437 2940 667 3007 sententiarum,
689 2959 770 2997 novo
787 2941 917 2998 transitu
938 2941 1038 2997 redire
1060 2940 1152 2997 voluit
1168 2939 1295 2994 adeum
1314 2924 1343 2973 s
1352 2928 1401 2969 W

199 3057 300 3096 rerum
323 3056 484 3108 conexum,
509 3041 610 3115 'quem
638 3041 824 3115 loquacitate
848 3059 903 3098 sua
925 3042 1097 3116 reliquerat.
1135 3039 1239 3112 Quod,
1262 3045 1295 3094 ut

201 3139 293 3197 decet
307 3140 515 3214 impostorem,
538 3141 581 3197 ita
604 3141 685 3210 lecit,
708 3150 741 3198 ut
764 3143 925 3216 diligentes
948 3142 1078 3199 lectores
1101 3139 1294 3197 nihilominus

199 3239 348 3297 haereant
368 3240 399 3296 in
415 3258 452 3296 ea
475 3241 593 3312 lacuna,
617 3259 696 3317 quae
711 3242 791 3300 inter
814 3261 840 3301 v.
855 3256 892 3317 79
910 3250 942 3300 et
956 3262 983 3302 v.
996 3240 1037 3299 80
1058 3249 1170 3299 exstat.
1192 3241 1295 3314 Atque

433 3473 540 3525 τοιαῦτ’
559 3472 589 3525 ὲν
609 3472 695 3536 οἴκοις
715 3473 791 3526 ἐστὶν
809 3473 948 3540 Ἀδμήτου
968 3474 1047 3527 κακά.

197 3561 282 3611 Miror
307 3561 377 3610 enim
402 3562 475 3626 quod
493 3562 665 3622 Wheelerus,
693 3564 739 3628 qui
765 3579 812 3612 suo
837 3563 894 3612 iure
920 3564 953 3612 ab
979 3563 1108 3628 Euripide
1133 3563 1296 3613 abiudicavit

197 3667 219 3699 v.
237 3648 375 3711 197-198
395 3647 438 3716 (de
451 3649 600 3700 Alcestidis
621 3657 646 3699 et
659 3648 803 3716 Hippolyti
821 3649 1023 3716 Euripidearum
1042 3649 1295 3714 interpolationibus

196 3754 221 3802 p.
236 3733 281 3800 29)
303 3736 373 3784 hunc
393 3751 497 3786 versum
525 3738 607 3787 dubia
630 3739 782 3788 coniectura
804 3740 914 3788 mutavit
936 3754 984 3805 pro
1009 3736 1149 3803 Ἀδμήτου
1175 3738 1294 3787 scribens

197 3824 353 3876 δεσποτῶν.
374 3825 442 3874 Mihi
460 3825 544 3875 multo
562 3826 733 3875 verisimilius
754 3833 794 3875 est
813 3827 891 3876 etiarn
910 3844 933 3877 v.
949 3827 998 3887 196
1012 3826 1128 3893 spurium
1142 3841 1210 3884 esse,
1230 3842 1295 3891 quo·

196 3913 267 3961 niam
285 3912 415 3975 originem
434 3928 506 3963 suam
525 3915 637 3963 traxisse
657 3914 761 3963 videtur
781 3931 840 3964 cum
859 3931 874 3964 a
892 3931 916 3965 v.
934 3927 982 3976 199
1002 3921 1057 3963 tum
1076 3931 1091 3963 a
1109 3931 1132 3964 v.
1150 3923 1199 3977 157
1220 3913 1248 3979 (d
1268 3912 1292 3966 δ’

199 4000 230 4052 ἐν
249 4000 345 4064 δόμοις
363 3998 486 4068 ἔδρασε),
506 4018 520 4050 a
539 4018 592 4067 quo
611 4002 725 4052 narratio
744 4005 803 4053 τῶν
822 4002 852 4054 ἑν
872 4002 968 4067 δόμοις
987 4005 1081 4055 κακῶν
1100 4002 1201 4067 incipit.
1224 4003 1294 4052 Nam

197 4089 395 4155 interrumpitur
420 4090 503 4139 oratio
529 4090 643 4139 ancillae
666 4107 682 4139 a
705 4090 822 4151 senibus,
851 4091 897 4156 qui
925 4092 1031 4142 tandem
1056 4091 1200 4156 aliquando
1226 4091 1292 4140 scire

195 4176 296 4235 volunt,
324 4178 459 4241 quomodo
484 4179 616 4227 Admetus
638 4185 748 4228 mortem
774 4179 863 4228 uxoris
888 4179 963 4231 serat.
1001 4180 1179 4245 Quamobrem
1202 4195 1292 4228 verum

196 4265 333 4316 terminum
353 4265 481 4316 orationis
502 4274 561 4318 ante
580 4284 604 4317 v.
619 4279 669 4318 212
690 4283 744 4318 non
763 4267 899 4320 habemus.
