2992 4920
506 754 567 826 De
595 753 678 826 Alc.
706 779 741 825 ν.
772 759 977 847 280-325.
1044 798 1050 803 -

298 950 489 1008 Laudandus
522 961 569 1008 est
591 949 638 1020 N.‚
672 952 757 1026 quod
786 951 899 1026 prImus
932 952 963 1009 in
992 952 1055 1011 Alc.
1077 971 1103 1010 v.
1127 950 1289 1022 282-283

197 1053 325 1110 offendit
349 1050 434 1128 (Eur.
449 1053 491 1112 St.
515 1052 543 1107 ll
565 1071 596 1127 p.
614 1045 677 1129 58),
701 1070 801 1127 neque
825 1070 895 1108 eum
917 1051 1059 1109 refutavit
1080 1053 1216 1123 Kvicala‚
1241 1050 1291 1127 qui

196 1171 381 1227 quamquam
413 1153 552 1227 exempla
585 1171 623 1208 ex
645 1153 826 1227 Thucydide
860 1161 892 1210 et
914 1153 1076 1210 Herodoto
1111 1153 1208 1220 affert,
1241 1152 1292 1209 ubi

195 1255 321 1311 verbum
343 1249 531 1314 καθιστάναι
546 1271 616 1312 cum
635 1246 783 1311 infinitivo
799 1255 994 1311 coniunctum
1009 1253 1167 1321 habemus,
1189 1261 1292 1310 tamen

194 1354 262 1429 ipse
295 1354 439 1410 concedit
465 1353 544 1412 hanc
568 1354 749 1411 dictionem:
781 1350 1016 1427 καταστήσασα
1041 1353 1114 1429 φῶς
1135 1348 1203 1413 τόδ’
1227 1347 1291 1412 εἰσ-

197 1452 278 1528 ορᾶν
300 1455 531 1528 quodammodo
566 1464 683 1511 certare
715 1472 785 1511 cum
812 1455 928 1527 legibus
951 1455 1107 1529 cogitandi
1130 1447 1232 1531 (Stud.
1255 1471 1291 1509 zu

196 1553 299 1627 Eurip.
321 1553 349 1608 ll
370 1572 399 1627 p.
416 1549 521 1629 6-7).
565 1553 766 1610 Nihilominus
794 1571 834 1610 ne
856 1553 892 1612 N.
924 1554 1049 1628 quidem
1071 1571 1177 1610 verum
1207 1552 1292 1621 vidit,

197 1672 267 1712 curn
289 1671 391 1727 neque
413 1654 598 1728 probabilior
632 1673 733 1728 neque
753 1655 860 1710 melior
894 1655 932 1712 sit
965 1654 1042 1712 haec
1064 1662 1228 1712 structura:
1252 1651 1291 1713 σὲ

197 1751 427 1831 πρεσβεύουσα
449 1755 522 1831 φῶς
544 1752 612 1815 τόδ’
643 1751 776 1830 εἰσορᾶν
799 1774 890 1830 quam
912 1774 991 1831 quae
1012 1757 1125 1813 tradita
1147 1765 1203 1813 est.
1232 1755 1293 1812 Sed

197 1856 423 1931 interpolatoris
457 1857 595 1932 vestigia,
626 1875 706 1932 quae
728 1858 760 1914 in
781 1877 807 1917 v.
827 1856 989 1932 282-283
1013 1858 1155 1916 facillime
1178 1875 1292 1933 cogno·

200 1966 335 2025 scuntur,
368 1959 461 2015 etiam
494 1961 523 2015 in
546 1959 642 2032 primo
665 1978 692 2015 v.
711 1958 770 2031 284
792 1959 951 2026 vocabum,
973 1960 1003 2015 in
1026 1957 1164 2038 θνῄσκω,
1187 1960 1292 2017 latent.

200 2058 278 2116 Nam
301 2059 397 2133 quivis
420 2059 516 2117 lector
536 2060 665 2134 diligens
688 2059 759 2116 mihi
783 2061 912 2117 libenter
929 2062 1081 2117 concedet
1098 2068 1151 2116 aut
1165 2059 1294 2134 primum

200 2160 325 2216 verbum
348 2159 477 2239 θνῄσκω
502 2169 554 2217 aut
576 2161 702 2218 alterum
725 2156 783 2220 οὐκ
798 2157 942 2236 ἠθέλησα
959 2160 1015 2234 Ζῆν
1033 2156 1074 2233 (ν.
1093 2156 1166 2236 287)
1188 2160 1293 2216 inutile

201 2268 234 2317 et
256 2260 419 2318 molestum
441 2269 502 2330 aut,
526 2271 559 2319 ut
581 2262 692 2318 rectius
709 2262 819 2333 dicam,
843 2262 950 2319 falsum
973 2280 1051 2321 esse.
1075 2261 1184 2335 Neque
1207 2261 1294 2335 quid-

197 2379 289 2435 quam
310 2361 512 2435 proficiemuS‚
535 2363 560 2419 si
581 2371 652 2437 post
673 2381 699 2421 v,
717 2361 776 2419 286
798 2363 967 2436 graviorem
983 2363 1210 2419 distinctionem
1233 2369 1294 2418 sta-

197 2462 343 2519 tuerimus
375 2470 428 2519 aut
462 2482 530 2520 cum
563 2463 726 2538 Lentingio
760 2464 967 2537 scripserimus
997 2481 1052 2538 pro
1077 2459 1136 2545 ρύκ
1158 2495 1196 2503 -
1216 2458 1294 2522 κούκ

197 2560 339 2637 (Kvicala
353 2564 468 2620 mavult
483 2558 576 2642 οὐδ’).
605 2563 713 2638 Neque
733 2565 813 2621 enim
830 2565 931 2621 divelli
946 2565 1062 2621 debent
1077 2583 1102 2624 v.
1118 2563 1293 2637 284-289,

197 2664 249 2739 qui
271 2665 336 2721 sine
360 2665 454 2721 dubio
476 2666 517 2723 ad
546 2683 639 2721 unam
661 2666 845 2722 sententiam
873 2673 904 2722 et
925 2666 966 2722 ad
987 2683 1080 2722 unum
1103 2666 1294 2722 enuntiatum

199 2765 363 2839 pertiuent.
408 2764 503 2835 Quod
525 2774 608 2822 recte
631 2767 726 2823 sensit
748 2774 856 2822 auctor
871 2765 976 2823 scholii
999 2767 1081 2823 adv.
1096 2765 1155 2838 284
1175 2765 1293 2840 scripti:

197 2861 302 2941 παρόν
325 2878 391 2940 μοι·
420 2861 489 2926 ἀλλ’
516 2862 648 2940 ἐξόντος
670 2884 722 2941 μοι
745 2866 806 2926 σοῦ
830 2862 1056 2940 ἀποθανόντος
1079 2860 1182 2941 ἄνδρα
1208 2861 1294 2940 ἔχειν

196 2963 349 3041 μέγιστον
372 2966 437 3027 τῶν
453 2966 635 3042 θεσσαλῶν,
658 2963 717 3026 οὐκ
739 2963 893 3042 ἠθέλησα.
937 2966 984 3023 Ita
1006 2984 1079 3040 ergo
1102 2967 1231 3024 fortasse
1246 2985 1293 3023 re-

200 3068 374 3126 stituendus
391 3076 439 3126 est
458 3069 608 3144 genuinus
630 3068 802 3142 Euripides,
827 3077 861 3124 ut
876 3068 986 3125 deletis
1008 3087 1034 3128 v.
1052 3066 1215 3142 282-283
1238 3086 1294 3143 pro

195 3163 355 3248 “θνῄσκω’
377 3170 543 3226 scribamus
566 3163 668 3240 ‘epist
712 3168 820 3244 Neque
852 3187 924 3225 vero
957 3169 1064 3243 ignoro
1087 3189 1113 3229 v.
1129 3160 1293 3244 2824283

197 3270 332 3346 expulsis
351 3286 463 3327 novam
482 3270 684 3327 offensionem
706 3287 775 3327 esse
798 3278 904 3328 ortam.
948 3268 1027 3327 Nam
1043 3288 1119 3344 opus
1143 3279 1190 3327 est
1205 3270 1293 3328 nobis

197 3377 322 3445 propter
343 3369 461 3445 θανεῖν,
485 3373 570 3445 quod
591 3371 622 3427 in
645 3391 672 3430 v.
690 3369 745 3428 281
772 3380 805 3427 et
826 3372 857 3427 in
872 3390 899 3430 v.
917 3368 977 3442 284
992 3371 1023 3427 in
1041 3371 1153 3427 eadem
1169 3370 1294 3426 trimetri

199 3472 273 3528 sede
299 3479 409 3539 exstat,
435 3472 527 3528 etiam
550 3491 576 3532 v.
595 3472 651 3528 281
678 3490 732 3546 pro
757 3471 858 3546 spurio
883 3472 1004 3531 ducere.
1039 3471 1170 3528 Accedit
1192 3478 1294 3526 autem

196 3572 280 3628 aliud
302 3581 524 3644 argumentum.
568 3573 791 3647 Exspectamus
826 3572 907 3628 enim
936 3579 1008 3645 post
1030 3590 1056 3629 v.
1074 3570 1129 3627 281
1157 3571 1294 3628 Alcestin

198 3673 301 3729 statim
324 3689 392 3729 esse
416 3673 566 3730 dicturam
590 3668 610 3731 ἃ
635 3669 792 3748 βούλεται,
820 3671 959 3728 nimirum
983 3690 1019 3727 ea
1043 3690 1122 3746 quae
1145 3672 1175 3727 iu
1198 3672 1294 3728 altera

200 3773 347 3830 orationis
369 3781 455 3847 parte
471 3773 543 3828 inde
560 3791 618 3831 av.
635 3789 694 3847 299
711 3773 845 3846 exponit,
870 3772 922 3828 ubi
936 3772 1016 3828 bene
1031 3771 1186 3846 praefatur
1200 3770 1291 3827 haec:

345 3865 421 3934 εἶεν·
445 3870 487 3932 σὺ
510 3874 569 3934 νῦν
592 3858 760 3948 μοι’τῶνσ
785 3869 970 3948 ἀπόμνησαι
994 3867 1098 3948 χάριν·

345 3968 517 4047 αἰτήσομαι
539 3969 600 4049 γάρ
623 3970 654 4032 o'
678 3968 769 4034 ἀξίαν
791 3970 849 4047 μὲν
872 3968 1001 4032 οὔποτε.

199 4075 262 4132 Sed
285 4075 316 4130 in
337 4073 431 4148 prima
455 4074 602 4130 orationis
635 4082 721 4147 parte
754 4072 826 4129 nihil
856 4073 939 4128 aliud
962 4073 1100 4147 depingit
1122 4080 1215 4146 poeta
1235 4073 1292 4129 nisi

195 4172 236 4235 τὰ
250 4169 456 4248 Ἀλκήστιδος
478 4170 649 4249 πράγματα
671 4169 716 4248 ὡς
739 4169 814 4250 ἔχει,
836 4173 864 4232 h.
889 4192 915 4233 e.
938 4175 1045 4230 merita
1064 4174 1205 4248 egregiae
1228 4192 1292 4230 rnu-

196 4276 285 4335 lieris.
328 4275 436 4353 Itaque
458 4274 518 4333 hoc
541 4282 588 4332 est
611 4293 716 4332 verum
739 4274 884 4334 orationis
907 4275 1038 4332 initium:
1096 4337 1097 4341 4

1074 4386 1091 4435 4
