2992 4920
729 308 763 361 34

195 473 289 534 multa
311 472 425 532 docent
446 474 594 549 exempla.
638 471 722 530 Puto
744 482 848 532 antem
870 473 902 531 in
923 493 950 534 v.
971 474 1033 548 306
1054 474 1092 538 ἓν
1115 470 1200 556 ἦμαρ
1221 496 1293 539 esse

198 571 408 644 ‘subiectum’,
438 576 524 650 quod
545 575 653 632 dicunt
673 574 869 648 grammatici.
925 575 988 634 Sed
1010 578 1130 637 etiamsi
1151 589 1236 639 recte
1261 598 1296 639 se

197 677 325 736 haberet
339 675 500 735 Matthiaei
515 676 692 733 coniectura
714 676 762 732 vel
775 676 900 735 Elmslei
921 678 1029 735 mirum
1051 680 1218 751 inventum,
1241 683 1295 757 qui

198 779 254 838 hos
277 782 356 837 duos
379 796 484 836 versus
506 786 571 836 arte
594 777 785 853 coniungens
805 786 894 853 putat
918 775 1007 854 φίλοι
1029 798 1099 839 esse
1119 759 1296 841 ¹vocativum

198 883 240 939 ad
273 880 357 938 chori
390 896 481 938 senes
513 878 729 954 adloquendos
762 875 857 955 (Adn.
885 880 917 936 in
936 879 1084 940 Medeam
1110 902 1142 959 p.·
1159 899 1215 959 172
1238 881 1296 961 n.)‚

197 990 300 1040 tamen
322 981 401 1039 haec
423 999 485 1038 una
507 987 636 1037 restaret
658 980 798 1050 offensiO,
828 983 915 1056 quod
936 982 1010 1040 illud
1031 985 1225 1059 proverbium
1247 986 1296 1042 vel

198 1084 352 1141 sententia
374 1081 579 1158 proverbialis,
603 1098 683 1156 quae
705 1080 752 1138 his
774 1082 911 1139 versibus
934 1094 1146 1159 argumentum
1169 1087 1295 1144 dedisse

197 1185 316 1242 videtur
339 1184 391 1261 (cf.
417 1183 514 1242 Plaut.
529 1182 593 1241 Mil.
612 1179 752 1260 74osq.),
775 1201 838 1240 non
862 1191 925 1241 tam
947 1185 987 1241 de
1010 1185 1197 1261 fugientibus
1220 1188 1296 1245 ami·

198 1287 251 1354 ciS,
273 1302 365 1361 quam
388 1286 428 1342 de
450 1284 661 1342 communibus
691 1284 826 1341 omnium
858 1283 1014 1360 hospitum
1045 1288 1092 1345 vel
1127 1289 1295 1347 amicorum

197 1387 332 1444 moribus
355 1385 487 1460 fatisque
511 1385 594 1445 dicit.
620 1383 710 1442 Certe
732 1402 790 1442 eae
813 1386 985 1443 sententiae
995 1387 1193 1464 Euripideae,
1212 1407 1294 1465 quae

199 1490 239 1546 de
264 1487 450 1564 fugientibus
473 1494 505 1543 et
527 1486 697 1543 infelicibus
731 1485 837 1543 amicis
869 1486 981 1556 valent,
1015 1488 1107 1564 longe
1140 1490 1228 1549 aliter
1261 1508 1295 1548 se
1348 1557 1351 1563 ¹
1400 1559 1403 1563 ¹

197 1588 321 1657 habent,
344 1588 382 1647 cf.
405 1588 496 1646 Herc.
520 1606 547 1645 v,
571 1586 628 1662 561
654 1582 773 1661 ἄφιλον
799 1583 838 1646 τὸ
860 1584 1027 1662 δυστυχές.
1070 1589 1154 1651 Med.
1178 1610 1205 1651 v.
1232 1589 1289 1666 561

197 1687 319 1765 πένητα
352 1685 465 1764 φεύγει
495 1688 560 1763 πᾶς
596 1705 643 1763 τις
666 1685 814 1749 ἐκποδὼν
836 1684 941 1763 φίλος.
987 1689 1102 1750 Phoen.
1125 1711 1153 1750 v.
1168 1708 1229 1766 403
1253 1689 1294 1753 τὰ

197 1788 302 1867 φίλων
325 1792 352 1850 δ’
369 1786 474 1865 οὐδέν,
496 1785 537 1864 ἤν
549 1807 578 1850 τι
593 1792 765 1870 δυστυχῇς,
787 1791 819 1847 in
834 1791 920 1848 cuius
936 1809 1040 1850 versus
1054 1792 1170 1851 scholio
1193 1802 1296 1851 exstat

199 1891 248 1949 hic
280 1908 384 1948 versus
416 1890 580 1947 simillimus
614 1884 734 1965 ἀνδρὸς
767 1889 873 1965 κακῶς
906 1887 1116 1968 πράσσοντος
1146 1889 1294 1954 ἐκποδὼν

199 1988 296 2066 φίλοι.
348 1989 440 2048 Adde
467 1989 513 2046 El.
537 2008 563 2050 v.
587 1988 647 2062 605
670 1985 697 2049 ὠ
719 1987 841 2066 τέκνον,
876 1987 983 2067 οὐδεὶς
1005 1990 1218 2069 δυστυχοῦντί
1239 2004 1294 2055 σοι

197 2088 302 2166 φίλος.
355 2091 443 2148 Licet
465 2097 568 2147 autem
592 2091 682 2148 nobis
706 2092 845 2149 conicere
869 2092 1023 2151 falsarium
1044 2113 1070 2154 v.
1094 2109 1154 2168 305
1177 2103 1209 2152 et
1231 2093 1292 2169 306

198 2212 236 2250 ex
265 2193 383 2250 comico
410 2201 504 2267 poeta
534 2193 640 2250 nescio
671 2210 733 2268 quo
767 2194 942 2268 sumpsisse,
975 2196 1018 2252 ita
1050 2196 1175 2270 quidem
1196 2204 1231 2253 ut
1254 2214 1292 2253 ex

197 2295 278 2352 iusto
301 2312 400 2352 rerum
422 2302 455 2351 et
477 2311 618 2352 versuum
631 2311 712 2352 nexu
728 2294 819 2368 plane
835 2295 1031 2370 eriperentur.
1058 2298 1190 2355 Accedit
1207 2299 1293 2373 quod

199 2391 320 2471 βλέμμα
344 2413 411 2464 vox,
436 2412 517 2469 quae
532 2395 616 2469 apud
631 2393 815 2469 Sophoclem
830 2412 991 2470 nusquam,
1014 2398 1098 2471 apud
1109 2397 1295 2472 Aeschylum

197 2496 293 2553 semel
315 2496 466 2553 invenitur
488 2492 533 2572 (in
557 2496 783 2570 corruptissimo
799 2495 912 2554 Toxot.
936 2496 970 2556 fr.
990 2495 1074 2572 238),
1096 2515 1135 2555 ne
1157 2498 1189 2554 in
1206 2498 1295 2557 Euri·

198 2597 269 2672 pide
293 2597 417 2671 quidem
438 2607 560 2672 praeter
579 2596 662 2653 hunc
683 2597 785 2654 locum
805 2605 915 2654 exstat.

492 2894 554 2965 De
581 2893 694 2965 Herc.
722 2916 757 2962 v.
786 2916 992 2985 309—310.

302 3089 447 3164 Megarae
463 3091 560 3148 oratio
575 3091 690 3166 optime
706 3090 885 3147 terminatur
899 3109 927 3148 v.
941 3105 1013 3162 311,
1037 3091 1089 3163 qui
1109 3108 1147 3146 ex
1169 3091 1294 3164 egregia

200 3191 328 3249 Porsoni
351 3191 527 3248 coniectura
549 3199 633 3250 recte
656 3192 806 3250 scribitur:
834 3187 852 3250 ὃ
866 3186 924 3265 χρὴ
937 3187 999 3264 γὰρ
1013 3185 1121 3265 οὐδεὶς
1133 3187 1173 3265 μὴ
1188 3187 1292 3265 χρεὼν

199 3289 292 3366 θήσει
314 3288 402 3352 ποτέ.
437 3292 499 3349 Sed
520 3293 663 3350 miramur
685 3299 790 3350 nostro
813 3293 888 3360 iure,
913 3292 999 3365 quod
1020 3291 1150 3347 eandem
1173 3291 1214 3346 de
1230 3290 1296 3346 dira

200 3394 387 3452 necessitate
408 3393 602 3462 sententiam,
625 3411 705 3469 quae
724 3394 804 3450 inest
826 3402 964 3450 extremo
987 3390 1096 3459 versui,
1117 3407 1294 3466 expressam

199 3496 325 3569 legimus
350 3496 472 3553 duobus
505 3497 556 3572 qui
587 3496 775 3553 antecedunt
797 3496 934 3552 versibus
970 3485 1174 3571 (309-310),
1207 3509 1296 3567 prae·

199 3598 303 3655 sertim
327 3614 396 3654 cum
425 3598 559 3654 eundem
593 3613 716 3654 sensum
747 3597 808 3653 iam
840 3595 870 3652 in
897 3596 997 3670 priore
1029 3593 1174 3651 orationis
1207 3601 1295 3668 parte

88 3684 94 3701 '
198 3692 394 3775 (282-283)
417 3696 595 3756 habeamus
651 3695 866 3771 Compluribus
894 3705 998 3754 autem
1021 3697 1060 3752 de
1084 3694 1184 3753 causis
1205 3693 1295 3751 nobis

200 3797 421 3872 disputandum
452 3799 510 3855 erit
546 3799 586 3855 de
617 3817 644 3857 v.
668 3812 843 3872 309—310‚
876 3815 1005 3874 quorum
1037 3796 1165 3872 pristina
1188 3795 1295 3874 forma,

199 3899 277 3956 sicut
299 3906 400 3957 exstat
422 3900 454 3956 in
473 3900 592 3967 codice,
614 3899 769 3957 mordicus
792 3901 928 3958 tenenda
951 3907 1011 3957 est:

346 3995 405 4073 τὰς
426 3999 493 4060 τῶν
517 3999 602 4061 θεῶν
623 3997 685 4075 γὰρ
707 3994 798 4075 ὅστις
820 3997 967 4075 ἐκμοχθεῖ
987 3995 1096 4074 τύχας,

347 4095 513 4175 πρόθυμός
536 4096 633 4177 ἐστιν,
656 4095 675 4174 ἡ
697 4097 857 4175 προθυμία
879 4095 906 4161 δ’
930 4096 1055 4177 ἄφρων.

200 4199 394 4275 Quamquam
414 4218 514 4275 paene
537 4201 640 4270 dole0,
669 4201 754 4277 quod
783 4219 846 4260 non
867 4218 994 4277 possum
1017 4201 1148 4278 probare
1172 4201 1293 4276 elegan-
