2992 4920
742 366 775 422 52

209 531 261 605 qui
276 531 319 589 ita
334 532 464 590 scribere
479 531 593 608 potuit:
616 526 668 592 καὶ
686 531 760 606 παῖς
783 529 844 607 μὲν
867 526 986 608 ἄρσην·
1008 529 1060 594 καὶ
1080 530 1152 609 περὶ
1175 531 1232 609 μὲν
1247 535 1305 596 τοῦ

210 625 351 707 ἄρσενος
383 627 481 693 οὐδὲν
514 627 579 706 ἔχω
609 628 710 694 πλέον
733 629 837 705 λέγειν
859 634 923 694 κτλ.
976 634 1012 690 In
1033 635 1173 709 longiore
1203 643 1306 694 autem

212 751 292 808 quae
315 734 452 809 sequitur
481 734 697 809 explanatione
720 736 787 793 sola
816 735 925 794 verba:
949 732 1131 811 παρρησίαν
1153 734 1214 812 γὰρ
1238 733 1309 810 ἄγει

209 832 292 910 πρὸς
314 832 372 897 τὸν
393 832 517 911 πατέρα
551 853 658 893 ansam
690 837 844 916 dederunt
875 836 1070 895 stolidissimo
1102 838 1307 909 homuncioni,

211 937 262 1010 qui
294 956 321 995 v.
349 952 404 1012 195
438 938 498 996 hoc
530 939 599 996 loco
632 938 768 998 inseruit.
811 937 933 995 Eodem
969 946 1072 996 autem
1106 941 1199 997 modo
1233 948 1307 1014 puto

210 1056 236 1096 v.
252 1038 419 1112 314—316
451 1057 488 1095 ex
521 1039 653 1114 antiquis
683 1039 936 1114 explicationibus
964 1057 1108 1096 manasse
1121 1035 1155 1115 ¹).
1199 1038 1307 1116 Neque

210 1147 314 1196 tamen
336 1142 442 1215 negari
464 1148 568 1215 potest
589 1141 703 1198 bonam
725 1141 979 1209 observationem,
1003 1158 1084 1215 quae
1109 1160 1177 1199 cum
1193 1142 1308 1217 vulgari

213 1239 254 1295 de
276 1258 475 1299 novercarum
496 1241 630 1298 moribus
653 1242 798 1316 opinione
831 1242 923 1317 plane
952 1242 1136 1311 consentiat,
1159 1242 1309 1299 contineri

212 1339 428 1414 v.315-316.
473 1340 520 1398 Eo
552 1341 649 1414 magis
680 1342 847 1398 dolendum
870 1350 927 1413 est,
950 1342 1035 1417 quod
1058 1341 1136 1399 hacc
1157 1341 1309 1417 sapientia

211 1438 288 1496 falso
325 1449 426 1499 exstat
458 1442 543 1510 loc0,
578 1443 723 1516 quoniam
757 1459 825 1499 sero
862 1449 1065 1499 retractantur
1100 1441 1202 1516 priora
1239 1437 1308 1514 (no-

211 1535 312 1618 verca)
335 1548 367 1598 et
389 1550 579 1617 occupantur
601 1542 762 1616 sequentia
785 1539 926 1620 (nuptiae
948 1535 1082 1620 filiolae).
1106 1542 1199 1599 Adde
1222 1544 1307 1616 quod

212 1658 251 1697 ne
271 1642 470 1715 grammatica
493 1643 617 1718 quidem
638 1643 734 1701 forma
749 1663 776 1703 v.
791 1642 956 1718 314-316
972 1643 1090 1718 magnis
1114 1650 1198 1700 caret
1212 1642 1308 1699 offen-

213 1741 359 1802 sionibus.
402 1743 449 1800 Ita
472 1762 563 1801 nemo
579 1744 730 1802 defendet
752 1746 860 1802 duram
882 1753 913 1800 et
935 1744 1071 1818 ineptam
1093 1762 1119 1802 ν.
1134 1758 1196 1817 314
1212 1751 1309 1800 struc-

213 1850 320 1902 turam.
364 1844 413 1900 An
443 1846 635 1902 censebimus
658 1845 836 1920 Euripidem
857 1845 937 1903 hunc
960 1844 1215 1919 simplicissimum
1238 1861 1308 1900 sen·

212 1951 279 2000 sum
302 1952 364 2000 tarn
388 1953 527 2002 contorte
550 1946 806 2020 expressissent,
828 1946 885 2003 nisi
908 1953 1079 2002 vetaremur
1101 1963 1181 2002 nexu
1197 1962 1306 2012 rerum,

213 2045 316 2119 potius
339 2047 543 2121 cogitaremus
573 2049 612 2104 de
643 2048 744 2105 futura
770 2050 904 2123 quadam
930 2047 1041 2104 filiolae
1063 2064 1168 2104 sorore
1194 2032 1237 2103 ρκ’
1253 2032 1310 2104 no-

213 2163 303 2204 verca
333 2155 407 2204 nata
440 2167 532 2222 quam
566 2151 605 2205 de
633 2168 713 2206 nova
747 2150 882 2223 quadam
903 2150 1028 2206 Admeti
1050 2166 1154 2217 uxore,
1179 2149 1219 2205 de
1242 2148 1310 2222 ipsa

213 2245 364 2304 noverca?
408 2248 571 2308 Praeterea
603 2249 675 2307 mihi
706 2251 799 2308 dictio
833 2246 974 2325 κληδόνα
1000 2243 1217 2325 προσβάλλειν
1239 2267 1309 2323 pro·

213 2356 324 2405 vocata
346 2350 466 2407 videtur
486 2351 537 2407 illa
569 2369 647 2425 quae
668 2360 776 2408 exstat·
791 2352 822 2408 in
844 2369 869 2406 ν.
887 2365 946 2425 307
971 2349 1061 2424 χεῖρα
1082 2344 1308 2425 προσβάλλειν.

213 2449 332 2507 Tamen
364 2451 442 2509 haec
470 2452 538 2526 ipsa
567 2452 680 2509 locutio
714 2447 856 2527 κληδόνα
885 2447 1111 2527 προσβάλλειν,
1134 2467 1227 2524 quam
1250 2467 1308 2524 ego

165 2605 169 2615 ,
213 2559 336 2627 praeter
356 2553 438 2610 hunc
462 2552 563 2610 locum
579 2553 608 2609 in
622 2553 768 2627 Euripide
793 2572 856 2610 non
879 2553 989 2620 inveni,
1012 2570 1067 2626 per
1087 2568 1122 2608 se
1144 2550 1307 2625 vituperari

214 2653 320 2726 nequit
332 2646 369 2731 2).
412 2653 605 2711 Vocabulum
638 2650 779 2728 σύζυγος
811 2649 852 2727 (ν.
870 2649 944 2727 314)
974 2653 1005 2709 in
1035 2651 1094 2709 hac
1115 2651 1183 2726 ipsa
1205 2651 1308 2708 fabula

213 2752 259 2810 bis
282 2754 442 2813 adhibetur
472 2757 513 2813 de
535 2756 693 2813 Alcestide
717 2750 791 2834 (342
814 2764 845 2812 et
869 2749 950 2831 384),
984 2753 1015 2809 in
1044 2772 1069 2812 v.
1083 2768 1141 2827 921
1168 2747 1307 2826 σύζυγες

216 2853 360 2911 dicuntur
381 2855 533 2914 Admetus
556 2865 588 2914 et
609 2856 751 2914 Alcestis.
795 2857 893 2912 Recte
915 2854 975 2912 hoc
997 2853 1179 2912 vocabulum
1200 2849 1309 2930 (σύζυ-

216 2948 281 3030 γοι)
313 2957 445 3015 restituit
466 2957 621 3016 Vsenerus
650 2960 681 3016 in
705 2957 816 3016 Bacch.
839 2976 865 3016 v.
882 2956 953 3031 694,
986 2973 1077 3031 quem
1112 2973 1170 3030 ego
1203 2962 1309 3012 contra

214 3055 263 3113 Kl.
287 3051 330 3135 (p.
350 3071 388 3131 79
404 3077 433 3116 n.
451 3054 476 3136 1)
499 3077 561 3116 non
585 3078 640 3135 pro
669 3059 771 3135 spurio
794 3059 884 3116 duc0.
929 3057 1072 3115 Ceterum
1093 3056 1171 3114 haec
1193 3075 1252 3113 vox
1276 3063 1310 3112 ut

216 3156 257 3212 de
278 3157 458 3232 coniugibus
479 3159 521 3215 ita
543 3160 584 3216 de
599 3161 740 3217 omnibus
761 3166 931 3234 usurpatur,
956 3159 1007 3232 qui
1029 3158 1180 3215 artissimo
1203 3172 1310 3214 neces·

218 3257 358 3314 situdinis
391 3259 437 3314 vel
471 3259 621 3317 amicitiae
653 3261 774 3317 vinculo
803 3259 957 3317 coniuncti
988 3267 1068 3328 sunt,
1099 3269 1133 3317 ut
1156 3259 1207 3318 Tr.
1230 3273 1305 3316 1001

317 3482 342 3547 1)
363 3483 540 3548 Apertissime
558 3473 590 3532 ex
608 3484 711 3549 perdita
729 3484 841 3548 quadam
861 3482 1031 3532 adnotatione
1049 3480 1188 3544 marginali
1208 3479 1310 3530 effluxit

215 3573 294 3621 Herc.
314 3588 337 3621 v.
351 3572 401 3634 706
415 3571 451 3636 ἐφ
465 3570 507 3634 οἷς
519 3570 653 3637 ὑπέστητ’
673 3570 895 3633 αὐτεπάγγελτοι
915 3574 1019 3628 θανεῖν,
1039 3570 1083 3634 qui
1103 3569 1219 3617 eontinet
1232 3573 1307 3616 vetus
1338 3631 1340 3635 Ι

215 3658 337 3709 scholion
366 3659 430 3708 olim
452 3661 485 3709 ad
504 3678 527 3712 v.
542 3671 681 3724 702-703
710 3658 827 3721 πέπλοις
856 3660 1004 3722 κοσμεῖσθε
1028 3660 1110 3720 σῶμα
1133 3655 1178 3706 καλ
1200 3655 1309 3719 νεκρῶν

215 3747 371 3811 ἀγάλμασιν
381 3749 549 3813 adscriptum.
570 3749 668 3797 Multas
686 3764 748 3797 vero
767 3747 986 3812 interpolationes
1000 3745 1027 3794 in
1045 3748 1195 3794 contextum
1205 3739 1309 3806 Euripi·

216 3836 293 3885 deum
311 3838 464 3901 pervenisse
480 3853 512 3886 ex
532 3837 569 3886 eis
588 3836 659 3885 notis
673 3836 716 3885 vel
730 3834 848 3899 scholiis,
868 3850 935 3900 quae
953 3832 1160 3898 mythologicam
1179 3827 1309 3894 quandam

216 3924 362 3974 doctrinam
381 3926 521 3983 traderent,
544 3925 595 3973 iam
618 3925 681 3973 satis
704 3930 815 3974 constat.
848 3923 929 3972 Cuius
947 3921 1052 3985 generis
1071 3919 1138 3968 locis
1158 3932 1209 3979 ego
1229 3916 1309 3965 adnu-

215 4028 288 4062 mero
317 4014 397 4063 Herc.
426 4031 450 4064 v.
475 4024 648 4076 1331—1333
679 4019 705 4060 et
734 4011 842 4061 Heracl.
872 4028 895 4062 v.
916 4020 1065 4073 349-351,
1093 4007 1126 4058 cf.
1155 4021 1221 4071 quae
1241 4004 1337 4053 infra-

217 4100 253 4167 (p.
270 4114 299 4166 15
311 4100 348 4166 n.)
369 4101 482 4150 diximus
501 4101 535 4150 de
553 4101 633 4150 Herc.
653 4117 677 4150 v.
695 4109 876 4163 1151-1152.

316 4189 343 4254 2)
364 4190 491 4239 conferas
515 4205 555 4240 ex.
583 4205 621 4252 gr.
639 4188 708 4239 Plat.
727 4189 792 4250 Leg.
812 4187 905 4251 8780
934 4183 1069 4249 αἰσχύνην
1098 4181 1221 4248 μεγάλην
1245 4181 1308 4233 τινὰ

216 4276 377 4345 προσβάλλῃ
399 4277 447 4344 (sc.
465 4277 499 4331 rb
518 4278 639 4346 τραῦμα)
657 4281 699 4346 τῷ
718 4275 855 4345 τρωθέντι
873 4275 919 4330 καί
939 4270 1140 4329 ἐπονείδιστον.
1202 4284 1204 4291 ⁴
1232 4268 1234 4272 ⁴
