2992 4920
647 293 770 368 ⁴26

204 490 254 564 qui
277 490 459 549 Menandrei
485 493 627 551 dicuntur
646 493 759 568 quique
781 493 897 567 optimo
919 492 984 549 iure
1010 511 1048 549 ex
1068 493 1214 568 Euripide
1244 511 1296 550 ex·

204 590 282 664 pulsi
303 602 374 649 sunt
395 611 414 649 a
428 592 584 663 Dobrae0,
607 603 700 669 atque
718 614 756 652 ex
769 594 852 652 Pelei
874 583 1024 663 oratione,
1047 614 1065 651 e
1080 614 1106 656 v.
1122 595 1302 673 693-705,

203 700 237 748 ut
260 693 361 762 exeis,
386 711 462 769 quas
485 712 542 752 nos
558 695 718 764 habemus,
741 696 925 753 scholiorum
947 696 1078 771 reliquiis
1100 697 1209 757 elucet.
1240 697 1302 754 Ne·

204 811 263 867 que
285 812 357 853 vero
380 796 471 853 deest
502 797 613 854 nostris
647 798 783 854 versibus
813 814 908 872 parva
939 796 1100 855 verborum
1133 798 1299 856 similitudo

204 913 275 951 cum
296 895 493 954 Menandreis
517 898 573 955 illis
596 894 795 974 (quamquam
817 917 857 955 ne
887 898 917 955 hi
941 899 1065 974 quidem
1084 900 1194 974 integri
1217 908 1298 969 sunt,

206 1012 275 1052 cum
296 1015 322 1055 v.
345 1012 416 1069 332,
439 1006 473 1055 ut
494 1016 575 1056 nunc
597 1000 688 1057 verba
711 1017 744 1056 se
762 999 888 1067 habent,
909 999 1116 1076 ineptissimus
1139 996 1202 1075 sit),
1224 1018 1301 1075 quo·

204 1096 286 1152 niam
304 1098 439 1172 φρονεῑν
461 1099 567 1161 δοκεῖν
589 1120 609 1158 e
631 1120 657 1161 v.
682 1117 743 1174 330
765 1093 810 1178 (oi
832 1100 1007 1175 δοκοῦντες
1034 1096 1070 1161 εὖ
1098 1094 1247 1178 φρονεῖν)
1270 1110 1303 1159 et

204 1193 288 1271 πλήν
310 1218 329 1254 e
350 1218 375 1258 ν.
395 1214 455 1272 332
479 1201 510 1257 in
532 1209 669 1259 nostram
690 1200 958 1277 interpolationem
978 1203 1124 1276 pervenit.
1179 1203 1242 1260 Sed
1264 1211 1299 1260 ut

205 1297 246 1354 ad
279 1299 421 1371 graviora
453 1309 635 1377 argumenta
672 1310 875 1370 transeamus,
908 1301 1047 1359 turbatur
1080 1302 1300 1359 sententiarum

205 1399 282 1454 ordo
305 1398 351 1456 his
374 1401 519 1471 versibus,
542 1403 679 1477 quamvis
701 1402 783 1478 prior
804 1419 885 1477 pars,
912 1419 993 1476 quae
1014 1401 1083 1476 τοῖς
1118 1397 1217 1463 οὐδὲν
1251 1418 1302 1474 γε·

204 1498 287 1571 γῶσι
308 1518 362 1558 eos
385 1504 523 1577 opponit,
546 1504 597 1579 qni
618 1512 744 1579 propter
765 1521 867 1560 veram
888 1504 1015 1578 gloriam
1037 1503 1120 1560 beati
1142 1512 1213 1561 sunt
1237 1503 1300 1560 exi·

206 1603 359 1672 stimandi,
385 1604 511 1664 forsitan
534 1607 603 1664 ferri
625 1607 733 1681 possit.
776 1605 977 1663 Intolerabilis
1008 1613 1113 1663 autem
1144 1614 1192 1662 est
1214 1623 1299 1679 repe·

205 1704 272 1760 titio
295 1723 410 1775 eorum,
445 1708 495 1783 qui
516 1707 593 1765 falsa
615 1709 725 1782 gloria'
743 1715 814 1764 sunt
849 1705 958 1775 ornati,
991 1707 1033 1764 ad
1061 1723 1139 1780 quos
1172 1706 1302 1763 moleste

205 1804 352 1862 relabitur
378 1807 473 1866 altera
504 1827 575 1883 pars
605 1809 858 1884 interpolationis.
903 1807 943 1864 Et
975 1808 1042 1882 quis
1078 1826 1141 1864 non
1175 1808 1299 1877 sentiat,

206 1914 305 1964 totum
327 1911 476 1967 sermonis
497 1911 641 1978 colorem,
667 1911 798 1967 vividam
821 1909 1057 1967 Andromachae
1083 1910 1301 1983 eloquentiam,

207 2024 287 2082 quae
311 2008 458 2066 violenter
479 2011 629 2084 vituperet
645 2019 676 2068 et
698 2011 850 2086 despiciat
871 2010 1050 2067 immeritam
1061 2009 1194 2067 Menelai
1214 2009 1304 2084 glori·

207 2107 298 2176 olam,
320 2109 429 2166 misere
450 2112 601 2186 corrumpi
618 2120 651 2168 et
674 2112 769 2168 deleri
791 2111 850 2168 hoc
872 2112 973 2168 ieiuno
994 2105 1227 2167 additamento?
1255 2109 1304 2166 De

207 2210 342 2283 genuina
374 2221 477 2268 autem
509 2212 599 2270 huius
631 2212 875 2287 interpolationis
909 2211 1006 2268 forma
1039 2229 1098 2285 ego
1133 2229 1201 2267 cum
1234 2210 1302 2268 viris

208 2310 307 2366 doctis
330 2311 452 2369 minime
476 2313 609 2372 certabo.
653 2314 752 2370 Recte
776 2330 809 2369 se
832 2311 945 2368 habere
967 2312 1173 2369 coniecturam
1195 2310 1300 2367 Hirze·

208 2411 320 2467 lianam
340 2431 404 2470 non
427 2422 474 2471 est
496 2415 663 2482 verisimile,
687 2414 850 2470 abhorrere
873 2420 977 2470 autem
999 2413 1038 2469 ab
1062 2430 1118 2469 usu
1134 2411 1301 2487 Euripideo

206 2520 323 2571 certum
348 2523 405 2572 est.
449 2515 570 2573 Scholia
601 2523 782 2573 structuram
804 2514 982 2583 inauditam,
1007 2531 1087 2588 quae
1109 2513 1223 2570 tradita
1244 2519 1302 2582 est,

209 2609 414 2689 ἐλλειπτικῶς
438 2617 495 2672 sibi
516 2617 671 2692 explicant
693 2625 725 2674 et
746 2617 837 2692 plane
860 2616 995 2690 quidem,
1022 2623 1162 2690 utputo,
1185 2631 1223 2670 ex
1249 2613 1303 2671 fal·

209 2713 279 2771 sarii
301 2713 395 2789 ipsius
415 2717 577 2776 sententia.
621 2717 701 2775 Nam
722 2717 901 2792 saepissime
923 2725 955 2774 et
970 2715 1173 2791 antiquissimi
1195 2722 1227 2771 et
1247 2732 1306 2789 po·

207 2815 350 2872 steriores
372 2816 607 2892 interpolatores
628 2818 782 2893 Euripidis
802 2836 902 2875 rerum
924 2816 1190 2892 grammaticarum
1214 2815 1302 2889 igno·

210 2916 308 2973 rantia
332 2917 415 2975 idem
448 2917 595 2989 fecerunt,
627 2920 712 2994 quod
734 2919 773 2976 illi
795 2919 891 2994 inepti
913 2916 1102 2992 Thucydidis
1125 2915 1305 2983 imitatores

209 3035 287 3093 quos
321 3017 430 3076 Cicero
463 3020 608 3078 acerrime
641 3020 816 3094 perstrinxit
853 3019 899 3076 his
932 3018 1030 3076 verbis
1066 3011 1153 3094 (orat.
1182 3018 1212 3084 9,
1235 3014 1304 3087 32):

208 3113 301 3176 ‘Cum
322 3120 427 3178 mutila
448 3122 602 3195 quaedam
633 3130 665 3179 et
689 3121 804 3178 hiantia
832 3120 926 3177 locuti
949 3127 1030 3187 sunt,
1065 3135 1144 3193 quae
1166 3116 1213 3172 vel
1236 3116 1303 3173 sine

208 3221 354 3296 magistro
382 3221 485 3281 lacere
512 3231 688 3298 potuerunt,
710 3239 875 3298 germanos
899 3238 934 3278 se
955 3228 1065 3295 putant
1090 3236 1160 3276 esse
1183 3216 1304 3294 Thucy·

210 3321 300 3379 didas
312 3316 361 3400 ’¹).

312 3535 337 3603 1)
364 3539 406 3587 De
431 3544 488 3587 tota
514 3537 720 3588 Andromachae
748 3537 867 3598 oratione
895 3535 1013 3585 iudicare
1041 3533 1229 3584 difficillimum
1258 3539 1305 3584 est.

210 3626 356 3675 Consentio
375 3633 462 3675 autern
485 3642 544 3677 cum
562 3628 597 3678 N.
620 3625 696 3691 (Eur.
724 3625 799 3675 Stud.
818 3625 845 3672 II
868 3640 893 3689 p.
910 3622 969 3688 101)
995 3623 1116 3673 traditam
1141 3640 1164 3674 v.
1185 3634 1236 3686 329
1256 3622 1307 3672 for-

211 3731 279 3764 mam
298 3731 352 3764 non
371 3731 431 3764 esse
450 3716 573 3781 scriptam
591 3716 623 3764 ab
642 3714 779 3780 Euripide.
826 3713 880 3763 Sed
906 3712 995 3761 malim
1013 3712 1144 3774 corrigere
1160 3710 1230 3760 hunc
1248 3725 1306 3759 ver·

212 3819 278 3861 sum,
297 3804 372 3852 cuius
391 3804 475 3871 altera
493 3819 553 3869 pars
572 3818 626 3853 non
645 3809 698 3852 tam
717 3808 839 3866 corrupta
857 3817 935 3867 quam
947 3800 1070 3850 consulto
1084 3806 1182 3849 mutata
1200 3798 1307 3849 videtur

211 3892 245 3940 ab
264 3891 394 3940 histrione
417 3892 540 3957 quodam,
571 3892 617 3957 qui
645 3892 718 3941 inani
745 3891 887 3940 verborum
913 3889 1000 3938 sonitu
1025 3887 1172 3937 delectatus
1196 3892 1237 3935 est
1259 3881 1305 3952 (cl.

211 3982 320 4047 Didymi
339 3981 503 4040 sententiam,
523 3997 600 4046 quam
619 3980 723 4030 scholia
741 3977 868 4045 tradunt),
888 3995 966 4045 quam
986 3994 1044 4028 cum
1060 3977 1094 4028 N.
1110 3976 1208 4026 delere.
1237 3976 1307 4024 Puto

213 4076 299 4119 autem
322 4071 359 4118 ita
381 4070 437 4118 iere
465 4070 602 4135 scripsisse
624 4069 793 4135 Euripidem:
825 4066 885 4120 οὔτ’
909 4066 961 4119 οὖν
985 4066 1016 4118 σέ
1039 4063 1141 4131 Τροίας
1164 4063 1230 4116 οὔτε
1257 4066 1309 4125 σῆς

213 4157 390 4225 στρατηγίας,
411 4173 469 4207 cum
480 4157 532 4207 hoc
546 4158 628 4207 modo
642 4158 709 4206 bene
724 4162 826 4222 repetat
844 4163 871 4204 et
886 4155 1003 4204 breviter
1022 4152 1132 4215 colligat
1151 4150 1308 4200 sententiam

211 4248 311 4315 primae
330 4246 456 4297 orationis
475 4246 557 4312 partis
576 4244 623 4295 ille
642 4260 742 4306 versus,
762 4261 816 4311 quo
834 4243 901 4294 haec
919 4258 980 4308 pars
999 4241 1160 4292 terminatur.
1190 4239 1304 4289 Versum
1394 4250 1398 4258 ·
