2992 4920
730 384 761 439 35

199 547 348 606 tissimam
369 547 406 605 N.
430 549 648 613 coniecturam,
681 548 733 622 qui
767 567 844 606 unus
872 549 918 606 his
941 551 1076 607 versibus
1098 552 1292 626 perspicuam

198 658 381 708 structuram
412 652 544 708 reddere
575 651 692 707 studuit
721 650 873 710 scribens:
910 644 960 726 ἥδ’
984 645 1100 727 ἄφρων
1122 649 1291 728 προθυμία,

202 749 240 810 cf.
263 751 313 810 Tr.
336 769 362 808 v.
388 749 567 824 964-965:
616 746 643 810 εἰ
673 748 709 812 δὲ
742 751 808 812 τῶν
841 751 926 813 θεῶν
954 751 1080 827 κρατεῖν
1104 748 1220 827 βούλει,
1240 750 1291 813 Ιτὸ

199 848 325 930 χρῄζειν
348 845 469 926 ἀμαθές
492 847 561 912 ἐστί
583 862 636 911 σοι
658 848 742 913 τόδε.
791 853 854 909 Sed
876 861 1026 910 structura
1048 854 1079 910 in
1102 853 1210 911 codiee
1232 861 1293 910 tra·

199 953 264 1009 dita
287 952 466 1028 dignissima
488 960 536 1009 est
557 951 603 1009 his
626 953 772 1019 versibus,
803 970 880 1027 quos
909 953 947 1011 ab
968 953 1113 1029 Euripide
1136 972 1198 1010 non
1222 971 1290 1012 esse

201 1055 330 1130 scriptos
352 1055 424 1111 mihi
448 1056 647 1114 certissimum
668 1065 725 1116 est.
758 1058 861 1131 Atque
881 1057 1010 1131 primum
1033 1056 1166 1134 quidem,
1187 1073 1293 1131 quam·

199 1156 242 1212 vis
257 1156 401 1212 iudicium
417 1164 553 1214 nostrum
567 1158 711 1232 imprimis
726 1159 863 1233 pendeat
883 1175 921 1214 ex
942 1156 1195 1231 interpretatione
1210 1157 1293 1213 verbi

200 1253 376 1331 ἐκμοχθεῖν,
410 1274 537 1332 agamus
560 1259 600 1315 de
622 1258 775 1316 adiectivo
797 1254 971 1334 πρόθυμος,
994 1259 1079 1332 quod
1101 1267 1208 1314 auctor
1230 1266 1292 1314 tam

200 1357 283 1413 nude
305 1366 336 1414 et
359 1358 498 1415 absolute
521 1358 569 1416 hic
591 1359 703 1434 posuit,
726 1367 760 1415 ut
775 1360 899 1416 omnino
916 1376 1026 1415 vanum
1049 1366 1132 1415 esset
1153 1366 1185 1414 et
1206 1357 1292 1432 inep-

199 1466 273 1527 tum,
296 1459 353 1515 nisi
376 1458 481 1516 liceret
503 1461 645 1517 conicere
667 1469 699 1517 et
721 1455 888 1535 πρόθυμος
910 1468 943 1516 et
957 1455 1117 1534 προθυμία
1141 1476 1178 1515 ex
1200 1460 1292 1516 inter·

198 1559 345 1635 polatoris
369 1577 460 1616 sensu
484 1560 738 1635 vituperationem
766 1561 921 1635 quandam
956 1560 1113 1617 continere
1146 1567 1178 1616 et
1192 1548 1195 1553 ⁴
1209 1560 1292 1617 idem

198 1662 262 1718 fere
284 1660 452 1735 significare
474 1669 580 1718 nostro
603 1662 672 1719 loco
695 1662 780 1736 quod
802 1657 963 1736 τολμηρὸς
989 1669 1020 1717 et
1042 1657 1151 1735 τόλμη.
1183 1661 1245 1717 Sed
1261 1670 1292 1718 et

197 1758 363 1838 πρόθυμος
397 1771 427 1820 et
459 1759 619 1838 προθυμία
652 1764 737 1838 apud
763 1762 941 1837 Euripidem
963 1770 1017 1819 aut
1048 1762 1131 1819 vocis
1160 1762 1291 1830 mediae,

200 1881 293 1938 quam
316 1863 423 1921 dieunt
444 1864 643 1938 grammatici,
667 1864 768 1921 locum
791 1871 898 1920 tenent
920 1871 973 1920 aut
995 1863 1148 1920 landabile
1168 1863 1292 1936 aliquod

197 1965 333 2022 studium
354 1973 472 2024 notant.
503 1965 575 2023 'Ex
598 1965 643 2022 eis
666 1973 769 2022 autem
791 1964 877 2033 locis,
906 1963 957 2020 ubi
991 1964 1069 2020 haec
1091 1962 1240 2020 vocabula
1260 1963 1291 2018 in

199 2067 313 2123 bonam
335 2074 453 2140 partem
475 2067 706 2141 interpretanda
728 2073 808 2134 sunt,
831 2082 1009 2122 enumerare
1025 2064 1113 2121 nobis
1130 2064 1220 2122 liceat
1235 2064 1291 2121 hos

200 2167 357 2243 etragicis
384 2176 539 2242 sumptos:
566 2168 657 2243 Soph.
675 2167 761 2226 Aiac.
792 2186 818 2225 v.
839 2181 888 2240 37.
922 2165 1062 2240 Aeschyl.
1087 2164 1241 2222 Prometh.
1265 2183 1292 2225 V.

197 2284 266 2342 345.
301 2269 372 2328 Eur.
394 2268 472 2329 Hec.
499 2284 565 2344 307.
597 2269 731 2343 Ε1.3ρ5.
763 2268 884 2326 Heracl.
901 2283 970 2339 410.
1003 2266 1095 2325 Herc.
1122 2282 1189 2340 113.
1225 2264 1289 2340 lph.

198 2368 234 2428 A.
262 2383 348 2444 1371.
383 2369 447 2444 lph.
482 2370 519 2428 T.
559 2381 646 2444 1023.
684 2370 747 2430 lon.
785 2382 873 2443 1173.
913 2367 997 2427 Med,
1033 2366 1099 2441 178.
1142 2366 1194 2423 Tr.
1219 2379 1289 2440 355.

199 2469 314 2530 Phoen.
339 2468 426 2542 1683.
481 2469 540 2528 Ubi
563 2490 635 2529 vero
665 2472 696 2528 in
723 2470 835 2527 malam
863 2477 981 2544 partem
1009 2475 1192 2542 usurpantur
1213 2466 1292 2524 haec

198 2570 347 2628 vocabula
368 2589 437 2629 cum
459 2571 519 2628 leni
541 2572 773 2646 vituperatione,
796 2579 849 2627 aut
865 2570 987 2627 additur
1010 2586 1028 2624 a
1050 2577 1144 2643 poeta
1166 2568 1292 2642 aliquod

199 2673 323 2729 verbum
347 2667 451 2749 (Soph.
468 2672 578 2732 Trach.
594 2670 762 2746 ooo-670
775 2666 955 2745 προθυμίαν
974 2663 1096 2742 ἄδηλον
1113 2691 1152 2717 =
1167 2669 1292 2725 blindan

196 2773 288 2832 Eifer.
325 2773 396 2832 Eur.
417 2772 468 2832 Or.
491 2773 550 2847 708
572 2771 657 2847 μισεῖ
680 2769 741 2847 γὰρ
764 2767 783 2831 ὁ
808 2768 883 2845 θεὸς
911 2767 970 2844 τὰς
1000 2764 1082 2842 ἄγαν
1104 2765 1291 2844 προθυμίας.

198 2874 232 2933 fr.
253 2875 310 2933 inc.
338 2890 425 2947 1014,
448 2890 525 2947 2-3
550 2870 609 2947 τὰς
635 2872 761 2947 θνητῶν
783 2867 811 2932 δ’
834 2867 898 2943 ἐγὼ
921 2866 1041 2945 χαίρειν
1064 2865 1185 2930 κελεύω
1208 2867 1293 2929 θεῶν

199 2969 276 3049 ἄτερ
287 2969 480 3050 προθυμίας)
494 2983 548 3032 aut
562 2975 727 3050 opponitur
738 2973 783 3030 his
799 2973 954 3030 vocabulis
966 2971 1026 3028 alia
1037 2971 1122 3027 notio
1135 2965 1292 3042 (Aeschyl.

199 3075 256 3150 Ag.
284 3074 359 3148 1562
384 3071 558 3150 προθύμως
581 3070 704 3148 μᾶλλον
728 3069 747 3146 ἤ
769 3069 882 3148 φίλως.
925 3071 1010 3129 Med.
1033 3069 1093 3142 485
1127 3064 1293 3144 πρόθυμος
1321 3121 1326 3131 .

198 3174 321 3250 μᾶλλον
343 3172 362 3250 ἢ
386 3173 587 3250 σοφωτέρα).
630 3176 793 3232 Invenerat
821 3181 924 3230 autem
947 3178 1055 3230 auctor
1077 3189 1102 3228 v.
1126 3184 1294 3244 309-310

197 3276 383 3334 adiectivum
401 3273 568 3352 πρόθυμος
593 3278 624 3332 in
639 3282 763 3332 nostrae
780 3273 900 3330 fabulae
924 3291 950 3331 v.
974 3286 1045 3346 325,
1069 3271 1120 3345 qui
1141 3268 1292 3345 paenulti-

197 3394 264 3435 mus
298 3408 339 3417 —
371 3379 404 3434 id
426 3379 511 3453 quod
533 3396 595 3435 non
624 3386 671 3434 est
694 3375 921 3450 neglegendum
956 3403 996 3413 -
1030 3389 1068 3428 ex
1088 3372 1132 3428 eis
1155 3368 1291 3426 versibus

198 3487 255 3549 est,
281 3496 358 3552 quos
380 3479 561 3553 Amphitruo
584 3477 730 3551 Megarae
758 3475 934 3551 respondet.
991 3472 1054 3530 Sed
1079 3471 1237 3528 materiam
1260 3477 1291 3525 et

198 3579 382 3636 sententiam
404 3579 512 3636 horum
536 3596 678 3636 versuum
701 3578 765 3635 sine
795 3576 890 3633 dubio
912 3574 1015 3631 hausit
1037 3572 1173 3630 falsarius
1193 3588 1231 3627 ex
1254 3587 1292 3627 eo

198 3680 431 3738 Heraclidarum
464 3680 542 3750 loco,
576 3697 668 3755 quem
700 3678 888 3752 interpretes·
911 3676 991 3733 bene
1017 3680 1195 3748 comparant
1223 3688 1292 3728 cum

196 3788 301 3838 nostra
323 3780 571 3854 interpolatione,
594 3800 632 3838 ex
654 3779 775 3838 Heracl.
799 3797 825 3838 v.
849 3774 1029 3848 615—617:

347 3877 487 3957 μόρσιμα
510 3880 538 3942 δ’
561 3877 630 3942 ούτι
652 3879 767 3956 φυγεῖν
790 3875 886 3952 θέμις,

347 3979 385 4042 ού
409 3979 511 4061 σοφίᾳ
534 3999 581 4056 τις
603 3977 777 4041 ἀπώσεται·

345 4078 427 4143 ἀλλὰ
450 4077 553 4157 μάταν
576 4077 595 4142 ὁ
618 4078 784 4157 πρόθυμος
807 4074 856 4140 ἀεὶ
878 4074 981 4139 πόνον
1004 4073 1076 4139 ἕξει.

196 4185 245 4240 An
268 4184 442 4257 putabimus
465 4201 539 4241 casu
562 4200 631 4240 esse
656 4181 781 4250 factum,
810 4188 843 4237 ut
867 4180 959 4238 etiam
981 4180 1012 4235 in
1035 4178 1157 4237 Heracl.
1180 4195 1207 4234 v.
1231 4174 1290 4249 617

196 4280 361 4360 πρόθυμος
384 4286 523 4342 absolute
550 4291 729 4359 usurpatum
758 4278 815 4340 sit?
859 4279 1060 4340 Nihilominus
1083 4278 1150 4355 quis
1173 4284 1220 4333 est
1243 4276 1294 4351 qui
