2992 4920
729 326 761 380 57

197 492 323 568 praefat.
347 513 376 569 p.
389 489 542 571 IX—XI),
578 494 607 549 s'r
635 501 740 550 nostra
763 494 861 551 oratio
889 494 1016 552 liberata
1038 496 1095 553 erit
1117 495 1218 571 spuria
1241 495 1291 553 illa

196 592 318 655 Venere
343 594 515 668 ceterisque
539 593 650 650 falsarii
674 593 892 651 additamentis
909 590 940 668 ¹).
983 595 1188 670 interpolator
1210 596 1291 652 enim

198 697 331 752 eandem
351 704 475 753 secutus
498 704 545 752 est
567 695 761 764 sententiam,
785 714 877 770 quam
898 699 992 753 modo
1015 697 1141 771 legimus
1157 698 1188 754 in
1203 697 1292 755 scho-

197 795 252 864 liis,
277 796 363 869 quasi
396 796 426 852 in
460 795 717 870 hilarotragoedia
749 804 855 854 nostra
876 796 1001 854 Herculi
1034 791 1106 872 (cui,
1137 807 1171 854 ut
1197 800 1292 855 modo

197 895 337 963 diximus,
361 896 506 970 quoniam
527 904 628 953 servat
639 896 778 953 Alcestin
800 914 856 953 sua
876 897 995 965 virtute,
1017 898 1149 972 gravitas
1173 906 1204 954 et
1219 915 1291 954 auc·

197 997 302 1053 toritas
325 997 480 1071 quaedam
501 997 698 1055 attribuenda
720 992 799 1072 erat)
834 998 936 1054 nullus
958 1007 1041 1055 esset
1062 1000 1147 1056 locus
1170 999 1237 1067 nisi,
1260 1006 1294 1055 ut

197 1099 228 1154 in
250 1099 327 1155 veris
350 1098 518 1155 comoediis
542 1098 685 1167 faciebat,
702 1100 904 1156 immoderate
920 1101 1040 1174 potanti
1063 1109 1094 1157 et
1117 1100 1292 1158 comedenti

196 1208 228 1256 et
250 1199 415 1275 Cypridem
447 1202 536 1258 rebus
569 1202 641 1277 ipsis
673 1202 821 1260 laudanti.
866 1202 1076 1273 Quamobrem
1097 1201 1293 1278 philosophe·

195 1310 279 1358 mata
311 1302 364 1359 viri
397 1303 538 1360 inebriati
560 1297 667 1382 (praef.
686 1323 715 1379 p.
727 1299 794 1376 lx),
830 1304 881 1378 qui
914 1304 1048 1378 paullum
1081 1311 1199 1360 tantum
1222 1303 1291 1359 vino

199 1402 367 1460 incaluerat
390 1398 444 1474 (ib.
465 1422 494 1479 p.
512 1400 563 1479 X),
600 1404 721 1461 falsario
755 1421 819 1460 non
852 1405 925 1460 satis
958 1403 1073 1461 ferocia
1094 1412 1147 1461 aut
1169 1404 1238 1460 vino
1263 1412 1295 1460 et

199 1503 320 1560 Venere
335 1523 442 1579 parum
456 1506 614 1563 madentia
628 1505 819 1564 videbantur.
843 1504 905 1562 Sed
928 1505 1046 1579 singula
1061 1513 1292 1580 pertractemus.

198 1603 282 1676 Quid
305 1602 396 1679 ergo?
418 1607 531 1681 primus
555 1624 659 1664 versus
682 1605 910 1681 dittographiae
932 1615 1056 1664 nostrae
1079 1600 1168 1682 (792)
1189 1624 1293 1663 nonne

197 1712 245 1760 est
274 1705 469 1779 dignissimus
501 1706 644 1766 falsario?
666 1706 745 1764 Nam
774 1707 885 1764 inutilis
913 1715 960 1764 est
988 1706 1165 1764 coniectura
1191 1706 1294 1763 Mark-

201 1803 292 1873 landi,
315 1806 367 1880 qui
393 1824 447 1880 pro
469 1807 571 1866 ταῦτα
594 1795 692 1882 ¹ponit
721 1802 836 1882 πάντα,
870 1807 981 1863 inutilis
1012 1807 1105 1864 etiam
1126 1806 1295 1863 Hermanni

198 1905 417 1979 interpretati0‚
441 1908 492 1982 qui
513 1907 614 1967 ταῦτα
638 1907 730 1964 refert
751 1908 792 1963 ad
814 1907 965 1964 tristitiam
987 1906 1100 1964 famuli.
1124 1906 1295 1963 Scholiasta

203 2014 305 2062 autem
327 2002 381 2083 (ad
403 2027 429 2066 v.
447 2008 507 2082 789
529 2005 646 2085 Dind.),
669 1996 728 2082 qui
742 2008 872 2082 explicat
893 2004 933 2066 τὰ
955 2005 983 2066 δ’
1007 2001 1089 2066 ἄλλα
1112 2003 1208 2066 -τὰ
1230 2003 1294 2066 ἑπι-

199 2101 289 2175 όντα,
323 2109 348 2164 si
381 2108 440 2165 hoc
474 2105 606 2169 ἐπιόντα
639 2118 722 2166 recte
750 2109 874 2165 vertitur
903 2103 1104 2165 ‘imminentia
1126 2102 1294 2176 fortunae'‚

202 2205 286 2265 haud
309 2209 373 2265 scio
396 2227 436 2265 an
458 2210 569 2266 rectius
592 2227 657 2266 rem
679 2209 797 2267 viderit.
832 2210 969 2284 Apparet
989 2209 1068 2264 enirn
1091 2208 1167 2264 haec
1189 2209 1294 2265 verba:

198 2305 238 2367 τὰ
254 2307 288 2367 ,δ’
312 2303 381 2368 ἄλλ’
405 2305 507 2371 ἔασον
529 2309 630 2377 ταῦτα
653 2328 721 2367 esse
743 2310 957 2384 repetitionem
979 2327 996 2364 e
1019 2328 1045 2366 v.
1060 2308 1120 2384 789
1143 2317 1295 2383 sumptam

199 2403 251 2483 (τὰ
275 2405 302 2468 δ’
326 2404 409 2469 ἄλλα
431 2410 488 2484 τῆς
508 2404 620 2486 τύχης)
650 2420 682 2467 et
709 2411 861 2468 falsarium
884 2410 1021 2466 videmus
1043 2427 1166 2484 prorsus
1188 2411 1295 2484 puerili

199 2512 294 2568 modo
318 2529 470 2568 conexum
494 2530 563 2569 cum
585 2512 724 2587 genuinis
745 2512 880 2568 versibus
902 2511 960 2567 sibi
983 2511 1179 2585 quaesivisse.
1204 2512 1295 2568 verba

199 2631 280 2682 vero,
304 2631 383 2688 quae
406 2615 533 2688 legimus
556 2615 587 2671 in
609 2634 635 2671 v.
654 2629 818 2689 793-794
842 2608 929 2688 εἴπερ
957 2608 1038 2687 ὀρθά
1058 2624 1111 2672 σοι
1134 2611 1220 2672 δοκῶ
1244 2608 1293 2671 λε’-

200 2726 281 2785 γειν’
305 2709 390 2789 οἶμαι
424 2712 490 2791 μέν,
525 2734 595 2772 cum
628 2717 727 2773 otiosa
760 2722 840 2785 sunt,
874 2723 938 2770 tum
961 2721 1067 2789 aperte
1089 2714 1244 2770 imitantur
1266 2720 1296 2768 et

200 2815 391 2889 ineleganter
412 2836 438 2875 v.
458 2815 617 2891 780—781
645 2825 825 2874 structuram
848 2810 948 2890 (οἶμαι
966 2812 1024 2888 μὲν
1040 2809 1101 2889 οὔ).
1134 2813 1169 2870 In
1192 2833 1218 2873 v.
1236 2828 1296 2887 794

204 2930 303 2989 —795
328 2924 382 2974 aut
402 2914 461 2990 τὴν
485 2912 567 2988 ἄγαν
583 2914 686 2991 λύπην
703 2913 797 2993 ἀφείς
814 2925 867 2974 aut
881 2911 974 2975 τάσδ’
991 2911 1182 2990 ὑπερβαλὼν
1198 2909 1297 2987 τύχας

202 3035 423 3091 supervacuum
446 3026 504 3082 est.
526 3019 551 3075 si
574 3019 699 3093 quidem
719 3014 818 3092 τύχας
840 3025 924 3073 recte
946 3016 1093 3073 scribitur.
1117 3015 1184 3087 Ego
1200 3014 1297 3070 incer-

200 3125 250 3174 tus
284 3135 360 3186 sum,
394 3126 494 3175 utrum
529 3114 628 3193 τύχας
663 3120 858 3186 retineamus
894 3118 978 3192 quod
1003 3117 1034 3172 in
1065 3115 1186 3190 optimis
1216 3114 1297 3170 libris

202 3219 291 3286 inest,
314 3237 353 3274 an
376 3219 556 3293 recipiamus
590 3227 724 3276 veterem
755 3219 843 3275 huius
873 3217 1011 3273 lectionis
1035 3216 1194 3281 aemulam,
1217 3230 1296 3288 quae

203 3319 233 3375 in
256 3321 283 3375 a‘
306 3320 435 3393 margini
457 3320 611 3393 adscripta
641 3328 689 3376 est
711 3327 741 3376 et
764 3320 802 3376 ab
827 3317 992 3375 scholiasta
1013 3309 1051 3394 (v.
1072 3311 1144 3390 795)
1165 3331 1297 3371 comme·

202 3428 338 3476 moratur
370 3419 415 3476 his
438 3420 551 3477 verbis:
583 3416 696 3495 τύχας·
724 3416 883 3495 γράφεται
910 3413 1023 3490 πύλας,
1048 3410 1089 3475 ἵν’
1114 3412 1133 3494 ᾖ
1156 3411 1298 3490 ύπερβὰς

201 3517 260 3593 τὰς
279 3516 396 3594 πύλας·
420 3516 447 3580 εἰ
469 3519 505 3581 δὲ
527 3517 636 3596 τύχας,
656 3517 919 3596 καταφρονήσας.
942 3517 1013 3574 Hoc
1035 3517 1159 3590 quidem
1182 3523 1299 3572 certum

204 3629 251 3677 est
283 3621 461 3695 Euripidem
493 3623 585 3678 verbo
618 3618 830 3698 ὑπερβάλλειν
862 3637 1014 3693 nusquam
1046 3615 1299 3691 significationem

204 3722 391 3796 neglegendi
421 3732 454 3779 et
486 3723 650 3797 spernendi
684 3722 866 3778 attribuisse.
911 3718 1112 3775 Nihilominus
1140 3715 1299 3771 verisimile

205 3831 252 3879 est
274 3822 430 3881 falsarium
452 3832 590 3880 nostrum
610 3841 664 3897 pro
686 3818 791 3895 πύλας
814 3821 971 3894 scripsisse
992 3814 1102 3892 τύχας,
1132 3824 1166 3872 ut
1188 3815 1299 3871 lurtum

188 4116 193 4131 ι
305 4052 330 4117 ι)
349 4053 422 4101 Aliis
442 4053 475 4101 de
495 4053 581 4124 causis
601 4058 683 4100 totam
700 4050 823 4100 Alcestin
843 4048 960 4098 fabulam
978 4063 1032 4096 non
1050 4047 1148 4095 iniuste
1167 4046 1298 4112 vitupera·

201 4140 239 4189 vit
257 4140 352 4191 Wold.
371 4141 541 4190 Ribbechius
566 4141 593 4188 in
617 4139 763 4205 appendice
784 4153 846 4186 suae
865 4135 1004 4200 Aristoph.
1024 4134 1142 4185 Acharn.
1162 4135 1297 4192 editionis,

203 4246 229 4295 p.
250 4230 309 4293 287.
