2992 4920
731 345 759 382 11

197 507 302 585 ρίΖειν,
337 510 510 583 ubicunque
546 516 668 583 praeter
700 517 839 564 nostrum
872 525 990 565 versum
1030 509 1117 567 nobis
1152 509 1292 568 occurrit.

198 611 402 686 Coniungitur
424 620 527 674 autem
549 611 608 667 hoc
630 610 755 666 verbum
777 628 846 667 cum
862 611 906 667 eis
922 610 1086 678 vocabulis,
1103 628 1182 685 quae
1198 611 1293 667 malas

198 721 230 769 et
251 712 396 769 molestas
429 729 477 768 res
508 711 693 779 describant,
727 719 762 767 ut
794 711 824 766 in
858 711 978 767 fabulae
1008 722 1132 768 nostrae
1164 712 1293 787 prologo

197 813 357 886 Euripides
380 812 549 868 rectissime
572 812 646 868 dicit
667 831 694 870 v.
715 811 835 884 17—18
866 808 1039 887 συμφορὰς
1066 811 1102 872 δὲ
1132 809 1191 886 τὰς
1214 809 1293 886 ἐμὰς

198 909 426 988 ἑξευμαρίῑων,’
444 921 476 968 ut
499 914 582 986 apud
596 911 754 968 Philonem
768 912 961 969 inveniuntur
983 913 1055 968 talia
1077 914 1179 987 qualia
1200 913 1292 970 hacc:

199 1009 413 1088 ἐξευμαρίῑειν
446 1009 485 1072 τὰ
514 1008 767 1087 δυσκατόρθωτα
790 1013 837 1068 vel
859 1009 899 1072 τὰ
922 1009 993 1073 λίαν
1015 1010 1142 1089 φοβερὰ
1165 1015 1210 1070 vel
1234 1010 1293 1087 τάς

197 1114 262 1176 τῶν
283 1113 397 1174 παθῶν
418 1110 529 1189 ὁρμὰς,
552 1120 587 1170 ut
608 1113 647 1169 ab
663 1113 797 1170 Eusebio
821 1123 958 1170 narratur
974 1115 1013 1170 de
1028 1132 1151 1190 pugnae
1167 1115 1293 1175 alieuius

198 1215 339 1290 perieulis
362 1215 439 1274 Hist.
455 1214 529 1271 eccl.
547 1215 584 1282 X,
599 1231 628 1288 o,
644 1231 678 1286 4:
701 1213 767 1274 τῶν
790 1212 870 1274 κατὰ
891 1212 950 1288 τὴν
972 1213 1139 1291 συμβολὴν
1161 1211 1293 1281 πάντων

197 1313 492 1392 ἐξευμαρισθέντων
515 1311 626 1387 αὐτοῖς
648 1310 711 1374 ὑπὸ
733 1315 792 1375 τοῦ
817 1315 894 1375 θεοῦ
917 1313 998 1376 κατὰ
1020 1313 1159 1391 γνώμην.
1185 1318 1293 1392 Itaque

197 1415 389 1472 censebimus
412 1413 567 1472 hominem
591 1415 726 1472 Atticum
748 1417 789 1472 de
811 1416 903 1472 rebus
926 1416 1024 1484 bonis,
1051 1425 1084 1473 ut
1106 1418 1145 1473 de
1168 1435 1223 1491 spe
1246 1416 1293 1472 vel

198 1516 297 1573 salute
320 1511 424 1592 (ἐλπὶς
440 1561 446 1574 .
460 1562 465 1574 .
481 1511 668 1592 σωτηρίας),
684 1517 809 1574 verbum
826 1513 1039 1591 ἐξευμαρίζων
1062 1536 1208 1591 usurpare
1233 1535 1295 1573 non

198 1617 343 1691 potuisse.
388 1615 498 1691 Neque
521 1635 592 1673 vero
616 1617 679 1673 fieri
701 1626 814 1692 potest,
838 1626 872 1674 ut
894 1617 943 1674 hic
965 1602 1163 1675 soloecismus
1186 1618 1293 1674 intole-

197 1718 297 1776 rabilis
319 1717 506 1775 defendatur
526 1718 570 1774 eis
595 1717 809 1786 locutionibus,
833 1736 909 1792 quas
922 1717 1109 1775 Wecklinius
1131 1719 1293 1793 disputans

196 1827 303 1877 contra
324 1816 451 1874 Mekleri
473 1819 658 1875 sententiam
689 1815 807 1890 (Philol.
832 1818 905 1878 Anz.
928 1819 985 1876 vol.
1003 1819 1041 1887 X,
1064 1837 1092 1892 p.
1114 1811 1292 1897 158-159)

197 1920 321 1996 profert.
366 1919 444 1976 Nam
477 1928 594 1976 certum
628 1928 675 1976 est
707 1938 787 1987 eum,
821 1920 872 1994 qui
904 1929 1010 1976 nostro
1034 1921 1127 1976 verbo
1150 1920 1181 1975 in
1204 1939 1229 1978 v.
1253 1917 1289 1976 81

198 2021 312 2078 abusus
335 2028 392 2087 est,
416 2038 479 2077 non
503 2028 642 2078 secutum
665 2038 733 2078 esse
756 2021 949 2077 artificiosam
965 2019 1123 2077 Wechlinii
1145 2021 1292 2092 interpre-

197 2122 354 2188 tationem,
389 2121 445 2177 scd
478 2120 559 2177 illam
587 2122 821 2196 explicationem
843 2121 961 2190 falsam,
985 2139 1063 2197 quae
1088 2122 1171 2195 apud
1194 2119 1293 2194 Hesy-

198 2204 298 2279 chi'um
328 2229 429 2278 exstat
452 2217 522 2295 (vol.
544 2221 580 2280 II.
603 2240 631 2295 p.
653 2216 734 2298 123),
767 2239 918 2296 quaeque,
952 2223 1089 2297 quamvis
1124 2223 1166 2278 ad
1193 2222 1294 2277 locum

195 2321 302 2378 nescio
340 2340 430 2396 quem
467 2322 559 2378 alium
597 2323 780 2397 pertinuisse
817 2323 965 2389 videatur,
1000 2331 1102 2379 tamen
1137 2322 1227 2396 plano
1262 2323 1293 2377 in

196 2431 334 2479 nostrum
348 2440 468 2479 versum
481 2423 627 2497 quadrat:
652 2420 872 2498 ἑξευμαρίσθη·
895 2418 1155 2498 παρεσκευάσθη.
1180 2421 1294 2492 Quam·

196 2523 302 2580 obrem
317 2524 389 2579 mihi
404 2542 584 2598 persuasum
603 2532 650 2581 est
667 2543 769 2582 veram
783 2525 967 2581 medicinam
982 2543 1009 2584 v.
1027 2524 1147 2581 80-81
1174 2522 1295 2598 reperiri

199 2641 262 2680 non
284 2642 386 2698 posse.

519 3030 581 3101 De
608 3029 721 3100 Herc.
749 3055 784 3100 v.
813 3033 970 3121 85-87,

297 3233 474 3308 Antequam
488 3234 693 3290 difficillimam
705 3233 778 3306 Lyci
792 3233 963 3289 orationem
975 3240 1149 3299 tractemus,
1162 3247 1292 3288 necesse

196 3334 252 3390 erit
273 3351 373 3408 pauca
396 3336 655 3417 exponamusde
689 3333 831 3390 extremis
855 3334 991 3391 versibus
1013 3333 1159 3406 Megarae
1189 3331 1293 3391 decla·

197 3434 339 3491 mationis
352 3427 392 3512 (v.
406 3431 554 3512 85-87),
577 3436 617 3491 de
633 3435 742 3508 quibus
758 3434 899 3508 sagacius
915 3452 1007 3508 quam
1022 3434 1133 3490 rectius
1149 3432 1293 3489 iudicavit

196 3533 263 3590 Wil.
282 3535 318 3592 A.
335 3554 364 3610 p.
383 3549 452 3608 235.
487 3534 680 3610 Quamquam
703 3535 805 3593 omnia
828 3535 901 3602 fere,
924 3552 1004 3608 quae
1027 3535 1067 3590 de
1091 3551 1182 3591 sensu
1200 3533 1293 3593 totius

197 3634 256 3691 loci
280 3636 446 3709 disputavit
468 3637 511 3692 vir
533 3636 741 3704 doctissimus,
764 3636 838 3693 satis
861 3643 932 3692 sunt
958 3635 1135 3709 probabilia.
1179 3633 1294 3690 Verum

197 3736 277 3792 enim
312 3744 360 3792 est
389 3754 452 3793 non
474 3734 633 3810 Megaram
664 3737 721 3793 sed
743 3736 996 3810 Amphitruonem
1029 3754 1100 3792 eum
1133 3753 1211 3804 esse,
1243 3735 1295 3808 qui

196 3837 373 3893 cunctando
394 3836 626 3894 Heraclidarum
649 3856 711 3893 rem
734 3837 893 3893 restituere
917 3836 1018 3893 adhuc
1041 3836 1173 3894 studeat.
1199 3833 1294 3904 Quod

196 3936 261 4012 ipsa
283 3936 411 4011 Megara
443 3938 509 3994 sine
543 3938 638 3994 dubio
669 3937 754 3994 haud
787 3938 940 4011 ignorans,
974 3955 1041 3993 cum
1074 3937 1155 3992 omni
1178 3955 1232 4010 spe
1255 3937 1294 3996 sit

196 4038 344 4095 derelicta
366 4035 407 4112 (v.
426 4052 547 4114 70—72
566 4047 597 4094 et
614 4057 639 4099 ν.
657 4038 694 4095 82
712 4031 782 4116 sq),
806 4047 840 4094 ut
861 4038 922 4094 iam
944 4055 1034 4112 supra
1050 4038 1191 4104 diximuS,
1214 4036 1292 4093 uitro

196 4138 377 4195 adhortatur
392 4138 656 4213 Amphitruonem,
679 4157 719 4194 ne
741 4138 837 4195 inutili
861 4137 1056 4195 cunctatione
1080 4136 1175 4193 fatum
1198 4137 1293 4193 inevi-

196 4237 290 4304 tabile
314 4239 434 4303 differat
457 4233 506 4318 (ef.
530 4240 623 4302 etiam
642 4258 669 4301 ν.
688 4238 745 4304 282
763 4233 831 4320 sq),
865 4238 925 4304 Hie
947 4246 1050 4303 autem
1073 4238 1291 4302 sententiarum
