2992 4920
719 368 751 424 53

186 533 293 592 Pollux
324 535 498 592 nominatur
518 530 659 608 σύζυγος
684 532 819 591 Castoris
852 541 884 590 et
911 533 976 608 Iph.
1004 531 1041 593 T.
1072 548 1132 606 250
1154 531 1281 591 Orestes

189 631 331 710 σύζυγος
353 634 485 712 Pyladis,
509 635 547 694 cf.
572 636 665 691 etiam
687 632 842 706 συζυγίαν
866 633 1034 709 (Musarum
1050 641 1080 690 et
1095 627 1283 705 Gratiarum)

189 737 221 792 in
242 736 334 795 Herc.
357 756 384 796 v.
400 736 470 811 675.

504 1115 565 1185 De
592 1114 674 1187 Alc.
701 1140 736 1186 v.
763 1118 969 1204 328-368.

290 1335 449 1402 Hirzelius,
476 1337 527 1410 qui
550 1329 593 1411 (p.
610 1330 746 1410 50--51)
779 1336 904 1393 Admeti
935 1334 1104 1392 orationem
1135 1334 1285 1403 tractavit,

189 1436 429 1493 luculentissime
461 1436 606 1493 iudicavit
633 1438 673 1493 de
696 1455 722 1495 v.
740 1451 915 1510 332—333,
950 1453 1027 1510 quos
1057 1435 1171 1510 primus
1196 1435 1232 1494 N.
1255 1435 1288 1492 in

193 1537 398 1612 suspicionem
421 1537 549 1597 vocavit.
594 1536 657 1593 Sed
678 1537 765 1594 valde
786 1537 878 1593 miror
896 1538 981 1611 quod
1003 1553 1094 1593 nemo
1118 1535 1219 1593 adhuc
1242 1535 1287 1593 of·

192 1637 291 1694 feudit
319 1638 350 1694 in
374 1657 400 1696 v.
418 1652 592 1712 334-335,
626 1638 735 1712 quibus
768 1638 945 1695 insulsiores
977 1638 1009 1693 in
1039 1644 1104 1694 tota
1130 1636 1287 1694 Alcestide

195 1755 257 1795 non
290 1740 409 1813 possint
441 1740 576 1799 inveniri.
626 1737 705 1796 Nam
738 1740 853 1808 omnia,
888 1757 967 1814 quae
1001 1738 1150 1795 Hirzelius
1181 1745 1288 1795 contra

193 1857 297 1897 versus
329 1843 553 1915 praecedentes
586 1840 667 1897 bene
701 1840 787 1907 dixit,
816 1842 928 1896 eodem
951 1840 1014 1896 iure
1037 1846 1144 1897 contra
1165 1846 1288 1896 nostros

192 1940 253 1997 dici
285 1950 426 2016 possunt,
464 1959 533 1998 cum
563 1959 675 2017 magna
707 1941 796 1998 huius
828 1941 891 1999 loci
923 1941 966 1998 vis
990 1949 1021 1998 et
1049 1958 1165 2008 severa,
1188 1947 1222 1996 ut
1245 1939 1288 1996 ita

195 2042 307 2110 dicam,
329 2043 460 2116 gravitas
483 2042 571 2099 huius
595 2043 741 2100 orationis
762 2044 852 2117 plane
875 2043 1037 2099 deleantur
1059 2041 1104 2098 his
1127 2039 1288 2097 humilibus

196 2149 228 2198 et
252 2143 388 2217 insipidis
412 2143 523 2201 verbis:

362 2239 433 2318 ἅλις
454 2242 490 2305 δὲ
512 2240 650 2305 παίδων·
672 2243 739 2305 τῶν
761 2242 789 2304 δ’
811 2239 925 2318 ὄνησιν
948 2239 1081 2318 εὔχομαι

363 2345 449 2419 θεοῖς
471 2342 636 2416 γενέσθαι·
659 2344 722 2405 σοῦ
745 2341 806 2419 γὰρ
829 2340 887 2404 οὐκ
910 2339 1068 2418 ὠνήμεθα.

196 2443 333 2501 Fuerunt
355 2446 489 2519 quidem,
515 2447 567 2520 qui
588 2447 748 2521 profanam
772 2446 957 2502 sententiam
977 2445 1019 2501 ita
1042 2444 1203 2501 studerent
1224 2459 1290 2499 cor·

195 2543 302 2619 rigere,
326 2554 360 2602 ut
384 2542 454 2620 ἅλις
477 2544 512 2606 δὲ
535 2544 659 2607 παίδων
691 2547 840 2605 artissime
873 2545 1036 2603 cohaerere
1067 2562 1136 2602 cum
1158 2561 1290 2619 sequen·

196 2645 276 2702 tibus
299 2647 397 2704 verbis
420 2648 577 2707 docerent.
621 2646 729 2722 Neque
752 2664 824 2704 vero
856 2647 997 2703 viderunt
1018 2646 1049 2702 hi
1072 2646 1125 2702 viri
1150 2645 1233 2702 docti
1256 2662 1290 2701 se

132 2778 135 2783 ·
194 2744 253 2803 hac
277 2747 394 2803 ratione
425 2747 496 2804 nibil
519 2749 602 2805 aliud
630 2747 797 2823 profecisse
821 2747 879 2804 nisi
902 2755 1030 2816 tantum,
1052 2754 1086 2818 ut
1108 2754 1290 2803 structuram

197 2848 363 2905 redderent
381 2849 632 2922 inelegantiorem
656 2857 687 2905 et
710 2848 870 2923 profanam
900 2848 1084 2905 sententiam
1105 2847 1200 2903 multo
1223 2863 1290 2920 pro·

202 2947 358 3006 fauiorem.
403 2949 636 3006 Perseveremus
669 2966 743 3024 ergo
766 2950 796 3005 in
817 2968 855 3005 ea
878 2950 1084 3015 distinctione,
1117 2964 1208 3021 quam
1230 2964 1293 3002 non

196 3049 291 3105 modo
326 3050 463 3123 plerique
499 3051 636 3106 editores
669 3050 726 3105 sed
761 3050 852 3104 etiam
889 3049 1006 3107 scholia
1037 3049 1177 3123 probant,
1218 3048 1292 3103 dum

198 3149 319 3206 dicunt:
343 3145 407 3223 ἕως
428 3149 486 3209 τοῦ
509 3146 632 3209 παίδων
655 3148 704 3208 δεῖ
725 3146 851 3211 στίζειν.
881 3149 1005 3206 Summa
1028 3158 1130 3207 autem
1153 3147 1291 3214 offensio

198 3267 278 3323 quae
303 3250 387 3305 nullo
420 3251 514 3307 modo
546 3258 651 3325 potest
674 3250 830 3316 removeri,
861 3250 940 3306 inest
963 3252 994 3307 in
1017 3250 1060 3307 eis
1084 3249 1191 3321 verbis,
1213 3264 1292 3322 quae

199 3350 369 3425 argumenti
391 3350 492 3408 locum
516 3358 638 3408 tenent:
667 3350 729 3410 σοῦ
752 3347 813 3425 γὰρ
836 3346 895 3411 οὐκ
918 3346 1075 3425 ὠνήμεθα.
1113 3348 1203 3420 Quae
1225 3356 1292 3404 tan-

198 3459 306 3525 topere
329 3452 411 3508 omni
434 3461 539 3508 carent
560 3453 686 3526 pietate,
721 3460 753 3507 ut
777 3452 883 3507 audire
905 3452 993 3508 nobis
1020 3453 1176 3508 videamur
1196 3449 1293 3523 magis

200 3552 422 3626 vituperantem
445 3552 585 3609 maritum
608 3569 700 3626 quam
728 3553 905 3608 laudantem
936 3553 982 3608 vel
1004 3552 1117 3627 gratias
1140 3559 1293 3624 agentem.

202 3650 369 3723 Quomodo
391 3661 485 3727 poeta
509 3662 614 3710 noster
633 3654 700 3728 ipse
722 3653 854 3709 eandem
884 3652 948 3708 fere
974 3653 1156 3709 sententiam
1172 3667 1294 3724 expres·

201 3752 275 3808 serit
297 3753 362 3809 sine
386 3753 565 3821 offensione,
588 3753 692 3810 videre
714 3753 785 3810 licet
809 3770 847 3808 ex
870 3752 985 3826 parvuli
1008 3752 1127 3808 Eumeli
1148 3752 1295 3807 lamenta·

202 3854 286 3909 tione
318 3849 357 3928 (v.
375 3870 516 3926 411-41
523 3851 566 3929 5).
615 3853 760 3911 Ceterum
793 3855 947 3910 sententia
979 3860 1123 3927 quattuor
1154 3869 1295 3908 versuum

201 3954 399 4012 insiticiorum
431 3950 623 4030 (332-335)
658 3956 889 4029 quodammodo
923 3954 1052 4011 conferri
1087 3961 1190 4028 potest
1225 3968 1294 4009 cum

202 4054 287 4111 Med.
310 4048 336 4114 v.
354 4054 527 4130 555-558.

302 4155 386 4227 Quid
408 4157 449 4212 de
474 4176 500 4216 v.
515 4173 575 4230 344

287 4252 474 4332 στεφάνους
497 4274 532 4317 τε
555 4254 682 4333 μοῦσάν
705 4253 741 4333 θ’,
765 4255 784 4332 ἡ
807 4258 923 4333 κατεῖχ’
946 4254 1044 4332 ἐμοὺς
1066 4252 1196 4330 δόμους,
