2992 4920
755 367 789 431 38

225 547 345 622 lydecta
375 555 499 606 auctore
522 547 652 606 Danaae
674 548 763 605 matri
789 555 974 617 narraverat,
1009 547 1046 606 cf.
1069 547 1221 624 Hartungi
1235 591 1237 594 >
1252 551 1325 609 Eur.

225 650 311 711 Rest.
334 651 392 709 vol.
415 651 476 726 Ip.
499 649 560 722 566
587 659 619 708 et
640 649 792 707 Weickeri
811 648 867 707 Gr.
892 649 943 710 Tr.
965 649 994 707 Π
1016 669 1045 724 p.
1069 647 1151 710 670?
1208 649 1323 728 Utique

224 761 401 828 suspectum
422 761 469 810 est
492 748 751 829 ἐκμεμάχθηνται.
793 752 902 827 Neque
927 752 1008 809 enim
1030 761 1106 827 puto
1125 754 1211 810 nudo
1227 755 1319 811 verbo

225 850 391 930 ἐκμοχθεῖν
414 855 545 911 eandem
572 853 631 911 vim
663 853 753 912 tribui
774 871 877 928 posse,
910 871 990 929 quae
1023 855 1098 911 latet
1129 854 1160 911 in
1182 849 1320 930 ἐκπράσ-

213 967 304 1038 ,σειν,
328 955 366 1015 cf.
388 954 466 1013 Hee.
489 974 515 1014 v.
541 968 610 1027 515.
654 955 850 1029 Quamquam
880 954 946 1030 ipse
969 954 1132 1029 Euripides
1162 955 1202 1012 de
1223 964 1322 1015 morte

225 1058 307 1114 bene
337 1056 438 1132 potuit
470 1056 572 1114 dicere
600 1051 768 1130 ἐκμοχθεῖν
791 1050 932 1116 θάνατον
966 1051 1063 1131 (idem
1093 1063 1142 1114 est
1174 1052 1322 1118 ἐκπονεῖν

227 1153 393 1234 θάνατον),
426 1158 468 1214 ita
500 1165 535 1215 ut
557 1157 742 1232 significaret
770 1165 824 1213 aut
845 1156 1000 1213 hominem
1035 1156 1234 1230 emorientem
1270 1168 1323 1216 aut

225 1277 305 1337 eum,
329 1259 380 1334 qui
401 1267 531 1316 mortem
564 1258 690 1316 alicuius
718 1258 887 1332 perficeret.
933 1257 1035 1330 Quam
1068 1259 1152 1315 bona
1186 1276 1258 1315 vero
1292 1267 1323 1316 et

225 1379 301 1435 pura
316 1360 553 1436 Euripidearum
575 1360 744 1417 fabularum
769 1359 954 1435 exemplaria
965 1359 1156 1429 Plutarchus,
1181 1359 1230 1417 cui
1247 1359 1324 1417 illud

225 1459 342 1535 Dictyis
375 1460 577 1536 fragmentum
600 1461 737 1535 debetur,
772 1461 818 1517 vel
852 1459 918 1518 eius
953 1468 1095 1518 auctores
1119 1461 1323 1529 adhibuerint,

225 1580 262 1618 ex
286 1579 347 1618 uno
369 1562 514 1622 Erechth.
541 1562 575 1621 fr.
600 1559 659 1634 362
685 1562 793 1638 elucet,
827 1579 959 1637 quocum
987 1562 1177 1619 commiscuit
1205 1560 1322 1620 Plutar-

225 1664 300 1722 chus
322 1664 355 1724 fr.
377 1665 435 1724 inc.
458 1679 528 1740 971.
904 1645 911 1654 ’

324 1764 388 1823 Sed
406 1783 488 1823 nunc
510 1765 664 1839 agendum
687 1772 735 1822 est
757 1766 797 1821 de
820 1764 916 1823 altero
939 1765 1032 1822 verbo
1056 1760 1202 1827 ἐκπονεῖν
1236 1757 1323 1847 [συν-

226 1856 393 1947 εκπονεῖν].
447 1866 611 1939 Explicant
647 1874 751 1923 autem
778 1866 961 1940 interpretes
993 1866 1129 1941 exceptis
1158 1865 1321 1943 Hartungo

226 1974 257 2023 et
283 1966 503 2036 Herwerden0‚
536 1968 587 2042 qui
620 1967 811 2025 coniecturas
851 1974 1035 2042 proponunt,
1070 1967 1145 2025 iliud
1175 1963 1323 2029 ἐκπονεῖν

225 2063 376 2144 θάνατον,
409 2070 495 2144 quod
515 2076 617 2125 exstat
643 2070 674 2125 in
695 2068 786 2127 Herc.
824 2088 850 2127 ν.
874 2067 944 2141 581,
973 2069 1053 2125 duce
1075 2068 1245 2126 Matthiaeo
1275 2068 1321 2126 his

225 2169 339 2228 verbis:
375 2163 427 2226 ‘ln
452 2187 529 2226 nece
562 2164 749 2248 (liberorum)
783 2169 951 2226 avertenda
978 2169 1099 2226 labores
1133 2169 1290 2245 suscipere
1302 2164 1319 2230 ’.

226 2271 289 2329 Sed
323 2279 442 2328 ceteros
475 2272 560 2328 locos
594 2270 776 2345 Euripideos
809 2269 1040 2345 inspicientibus
1073 2270 1161 2328 facile
1194 2281 1322 2347 apparet

225 2371 318 2430 verbo
341 2368 489 2433 ἐκπονεῖν
523 2390 585 2430 11011
616 2372 713 2447 magis
746 2389 838 2446 quam
873 2367 1040 2446 ἐκμοχθεῖν
1074 2372 1232 2429 avertendi
1264 2373 1346 2430 vim.

225 2473 348 2531 obtrudi
374 2491 476 2548 posse.
521 2473 686 2549 Perspicue
721 2482 824 2531 autem
860 2473 1074 2548 cognoscimus
1104 2492 1205 2532 veram
1234 2473 1322 2531 huius

223 2574 305 2631 verbi
321 2573 572 2649 significationem
595 2594 632 2633 ex
655 2574 702 2632 his
722 2575 811 2633 locis:
834 2575 958 2650 Hippol.
972 2575 1133 2650 380-381
1153 2571 1193 2635 τὰ
1208 2571 1324 2650 χρήστ’

224 2670 445 2750 ἐπιστάμεσθα
466 2671 517 2736 καὶ
536 2672 771 2752 γιγνώσκομεν,
804 2671 863 2737 οὐκ
889 2673 1088 2751 ἐκπονοῦμεν
1111 2672 1139 2736 δ’
1161 2683 1192 2732 et
1206 2674 1323 2733 Phoen'.

226 2797 253 2836 v.
275 2778 336 2852 979
359 2771 479 2837 οὔκουν
502 2775 550 2838 σε
564 2773 699 2854 φράζειν
731 2772 825 2852 εἰκὸς,
850 2775 998 2839 ἐκπονεῖν
1020 2774 1049 2838 δ’
1072 2773 1137 2853 ἐμέ,
1163 2776 1215 2834 ubi
1238 2777 1322 2834 lucu-

223 2878 391 2936 lentissime
414 2878 500 2935 notio
521 2878 710 2954 perficiendi,
739 2879 920 2937 elaborandi
947 2878 1114 2955 opponitur
1135 2878 1233 2936 verbis
1256 2873 1323 2939 ἐπί-

125 2994 129 2997 ·
224 2979 374 3049 στάσθαι,
406 2977 606 3058 γιγνώσκειν,
641 2977 783 3057 φράζειν.
828 2982 868 3039 Et
896 2982 1029 3038 eundem
1061 2981 1108 3037 vel
1140 2979 1322 3038 simillimum

150 3097 153 3103 ·
224 3081 320 3138 nostri
355 3082 438 3138 verbi
468 3100 557 3140 usum
582 3084 730 3141 habemus
752 3083 798 3141 his
820 3083 909 3141 locis:
942 3080 1012 3141 Hel.
1038 3095 1096 3157 755
1129 3075 1216 3158 [ibid.
1244 3079 1321 3155 1578

225 3190 257 3239 et
283 3181 360 3256 1406
383 3181 617 3261 συνεκπονεῖν].
662 3184 728 3260 Iph.
749 3185 789 3243 A.
814 3183 872 3259 567
902 3178 939 3260 (si
968 3183 1093 3259 quidem
1119 3181 1204 3258 quod
1232 3181 1323 3239 valde

225 3292 272 3340 est
305 3285 431 3341 dubium
463 3293 547 3343 recte
576 3286 707 3344 traditur
732 3279 931 3359 ἐκπονοῦσ).
978 3280 1057 3361 [Iph.
1082 3282 1118 3344 T.
1146 3281 1223 3358 1065
1247 3292 1323 3344 συν·
1428 3279 1431 3282 ’

225 3380 407 3463 εκπονεῑν.].
443 3386 508 3444 Ion.
536 3401 614 3460 1040
639 3381 728 3464 [ibid.
755 3386 816 3460 850
839 3385 1050 3447 συνεκπονεῖν
1073 3385 1212 3444 absolute
1234 3400 1321 3442 usur·

224 3494 330 3561 patum
351 3483 434 3565 est.].
464 3487 549 3547 Med.
574 3505 642 3561 241,
667 3488 706 3548 cf.
739 3488 772 3548 fr.
795 3489 856 3548 inc.
880 3504 950 3562 901,
974 3486 1003 3547 8.
1036 3486 1088 3548 Or.
1115 3501 1182 3544 122.
1206 3484 1320 3546 Phoen.

230 3584 316 3660 1648.
360 3589 452 3645 Adde
476 3589 637 3651 Temenid.
659 3589 692 3649 fr.
710 3605 780 3665 729,
801 3605 828 3658 2,
850 3589 903 3647 ubi
925 3597 1027 3646 exstat
1050 3584 1197 3650 ἐκπονεῖν
1217 3600 1321 3662 σωτη-

227 3683 307 3763 ρίαν,
330 3705 409 3763 quae
442 3689 555 3746 locutio
579 3692 644 3748 sola
675 3699 749 3766 apta
782 3699 865 3747 esset
887 3689 1058 3747 sententiae
1094 3690 1186 3748 Herc.
1210 3709 1237 3746 v.
1260 3687 1316 3760 581

226 3784 276 3864 (cf.
298 3788 451 3864 Hartungi
484 3787 707 3865 coniecturam)
741 3799 773 3848 et
795 3791 942 3866 Meleagr.
978 3791 1011 3851 fr.
1039 3806 1110 3866 529,
1134 3807 1162 3863 4,
1196 3790 1249 3848 ubi
1270 3785 1318 3849 ἐκ·

225 3889 336 3951 πονεῖν
351 3887 494 3966 σκληρὰς
509 3888 632 3966 διαίτας
653 3893 736 3949 idem
755 3894 899 3967 estquod
921 3887 1076 3968 ‘asperam
1091 3892 1205 3964 degere
1222 3888 1320 3963 (exer-

228 3985 309 4062 cere)
341 3985 458 4050 vitam'.
504 3987 728 4066 [συνεκπονεῖν
755 3993 944 4051 Andromed.
974 3992 1006 4051 sr.
1034 4005 1101 4063 152,
1124 3985 1170 4065 5].
1215 3989 1317 4063 Atque

226 4089 273 4146 vix
295 4091 473 4166 discrepant
500 4113 519 4151 a
538 4094 635 4168 prima
656 4095 834 4152 elaborandi
861 4101 894 4150 et
915 4089 1069 4150 efficiendi
1091 4091 1216 4146 notione
1241 4107 1319 4146 non·

227 4193 306 4250 nulla
334 4193 393 4250 alia
416 4195 564 4269 exempla,
598 4203 632 4251 ut
665 4196 750 4269 quod
782 4193 892 4251 dicitur
919 4193 958 4250 de
991 4189 1115 4248 Achillis
1137 4189 1322 4247 educatione

227 4294 291 4370 lph.
315 4295 352 4351 Α.
376 4313 402 4354 ν.
417 4310 477 4370 209
498 4292 556 4358 τὸν
578 4291 599 4356 ά
621 4292 713 4371 Θέτις
735 4291 806 4356 τέκε
833 4289 884 4354 καὶ
910 4289 1032 4370 Χείρων
1056 4285 1263 4366 ἐξεπόνασεν,
1285 4298 1334 4374 ut
