2992 4920
735 356 766 397 21

203 522 349 597 sapientis
375 524 507 581 auctoris
530 525 751 598 temperantiae
774 526 967 585 conveniant.
994 526 1088 599 Quod
1102 529 1162 585 iam
1178 532 1300 588 dudum

203 625 416 683 animadvertit
439 625 662 694 Zirndorferus,
696 628 747 702 qui
774 627 896 685 fabulae
928 636 1052 685 nostrae
1080 638 1201 706 tempus
1225 632 1300 688 defi-

204 726 268 783 nire
291 712 408 783 studuit
435 727 466 783 in
492 728 652 785 notissimo
676 728 791 785 libello:
824 723 886 784 ‘De
910 729 1108 805 chronologia
1131 732 1301 791 fabularum

202 822 454 902 Euripidearum'
477 825 519 903 (p.
536 824 600 903 60).
645 808 711 886 Sed*
735 847 804 886 cum
833 829 1038 899 Zirndorfero,
1072 835 1209 906 quamvis
1239 853 1302 892 non

202 929 304 986 omnia
327 931 526 1004 comprobare
549 931 673 1005 possim,
708 949 787 1006 quae
814 949 852 988 ex
877 933 989 990 nostris
1014 935 1149 993 versibus
1179 936 1301 994 efficere

201 1031 306 1099 voluit,
331 1049 413 1088 nunc
435 1040 553 1088 certare
574 1033 784 1107 supersedebo
819 1029 871 1108 (cf.
887 1033 952 1090 Fixi
973 1036 1048 1094 edit.
1071 1037 1127 1093 vol.
1146 1037 1160 1093 Ι
1180 1055 1209 1111 p.
1227 1031 1300 1114 XI):

203 1130 268 1186 sine
291 1139 374 1187 metu
396 1149 496 1189 meam
520 1133 704 1190 sententiam
727 1134 856 1191 edicam.
881 1133 993 1192 Omnia
1015 1137 1105 1204 enim,
1130 1154 1209 1212 quae
1232 1139 1301 1195 sine

112 1295 114 1299 ,
204 1231 376 1289 offensione
397 1232 457 1289 hoc
481 1233 549 1290 loco
573 1230 772 1300 οάτοξότου
797 1230 929 1296 ἔπαινον
950 1230 1003 1314 (cf.
1025 1236 1123 1297 Schol.
1145 1237 1216 1297 Eur.
1241 1240 1300 1299 vol.

199 1330 243 1389 IV
270 1351 300 1407 p.
323 1327 397 1412 218)
427 1333 554 1391 conferri
582 1344 726 1409 possunt,
761 1344 832 1410 apte
861 1345 893 1394 et
920 1338 1070 1394 concinne
1104 1340 1302 1396 continentur

203 1452 230 1491 v.
252 1448 424 1509 195-199,
447 1452 527 1509 quae
543 1436 774 1493 declamationis
790 1454 859 1511 pars
877 1439 991 1512 optime
1012 1439 1190 1497 terminatur
1210 1458 1298 1498 versu

199 1552 271 1591 vere
293 1533 475 1610 Euripideo:

389 1636 525 1712 τυφλοῖς
547 1633 694 1713 ὁρῶντας
717 1633 861 1712 οὐτάσας
883 1636 1064 1714 τοξεύμασι.

201 1734 264 1792 Sed
287 1736 353 1810 ipse
376 1736 558 1810 Amphitruo
581 1737 680 1794 laudis
703 1755 778 1795 suae
801 1740 985 1798 sententiam
1006 1741 1171 1799 refutasset
1193 1752 1223 1800 et
1246 1744 1301 1800 im·

201 1839 360 1896 minuisset
382 1849 413 1897 et
435 1842 520 1914 quod
543 1842 734 1898 adversarius
757 1841 920 1915 sagittariis
944 1841 1059 1899 crimini
1080 1844 1219 1912 dederat,
1243 1861 1300 1901 sua

203 1939 341 1997 oratione
371 1939 543 2018 probasset,
576 1941 600 1998 si
628 1959 653 1999 v.
677 1957 839 2014 200-203
872 1943 1006 2017 quinque
1039 1943 1299 2017 praecedentibus

203 2040 376 2098 adiecisset.
414 2039 492 2097 Nam
515 2042 665 2115 ignaviae,
688 2060 750 2100 non
773 2044 889 2100 virtutis
911 2045 1018 2100 laudes
1042 2045 1134 2120 auxit,
1158 2045 1209 2118 qni
1231 2061 1299 2101 eam

203 2142 395 2216 sententiam,
429 2160 520 2217 quam
547 2152 640 2218 poeta
669 2141 704 2204 ἐν
734 2141 868 2224 παρόδῳ
894 2153 1022 2214 tantum,
1057 2154 1089 2202 ut
1116 2146 1159 2202 ita
1187 2145 1296 2214 dicam,

202 2253 395 2318 expresserat
411 2246 466 2312 vel,
489 2253 522 2301 ut
539 2246 649 2302 rectius
673 2246 790 2320 loquar,
814 2245 1038 2320 significaverat
1058 2248 1088 2302 in
1106 2265 1130 2306 v.
1146 2245 1202 2320 198
1221 2241 1296 2320 ἑκὰς

200 2345 228 2404 δ’
254 2339 408 2420 ἀφεστὼς
430 2342 604 2420 πολεμίους
629 2341 790 2421 ἀμύνεται,
817 2355 955 2420 repetere
979 2365 1071 2404 ansus
1094 2355 1225 2403 estnon
1247 2364 1297 2403 so·

199 2445 262 2502 lum
279 2446 310 2502 in
326 2464 351 2505 v.
366 2462 426 2502 200
437 2442 475 2505 τὸ
490 2443 585 2520 σῶμά
609 2448 635 2507 τ’
653 2443 691 2508 οὐ
707 2443 820 2507 δίδωσι
835 2447 902 2521 τοῖς
926 2443 1093 2520 ἐναντίοις,
1117 2448 1174 2504 sed
1197 2447 1299 2514 etiam,

199 2563 238 2603 ne
263 2547 330 2620 quis
352 2546 508 2603 dubitaret
530 2548 570 2603 de
593 2566 663 2604 vera
685 2549 910 2622 sagittariorum
932 2549 1062 2622 ignavia,
1086 2549 1117 2605 in
1138 2567 1164 2608 v.
1181 2563 1234 2604 201
1261 2544 1297 2608 ἐν

201 2642 393 2727 εὐφυλάκτῳ
417 2649 444 2708 δ’
471 2644 568 2708 ἐστίν.
614 2647 723 2724 Neque
746 2658 848 2706 autem
869 2650 968 2706 minus
993 2668 1085 2724 quam
1107 2649 1183 2707 haec
1205 2648 1296 2704 verba

201 2747 345 2805 abhorret
367 2749 406 2804 ab
429 2748 489 2805 fine
512 2751 640 2807 oratoris
658 2750 705 2806 vel
727 2759 841 2826 poetae
864 2768 902 2806 ea
924 2751 1087 2831 sententia,
1111 2767 1191 2824 quae
1207 2748 1298 2813 finem

199 2849 442 2923 interpolationis
470 2850 551 2907 lacit.
597 2850 798 2908 Nihilominus
825 2869 864 2906 ne
893 2853 960 2925 quis
988 2851 1059 2908 mihi
1086 2851 1147 2908 hoc
1174 2850 1297 2918 obiciat,

198 2966 262 3006 non
284 2950 419 3008 reticebo
443 2951 653 3009 Graecitatem
686 2961 810 3009 nostrae
832 2952 1075 3027 interpolationis
1099 2961 1162 3009 tam
1183 2952 1298 3008 bonam

199 3066 277 3122 esse,
311 3058 345 3107 ut
367 3049 397 3106 hi
421 3059 567 3125 quattuor
587 3069 693 3109 versus
724 3064 777 3110 aut
799 3054 911 3128 sumpti
933 3053 1094 3110 videantur
1117 3069 1154 3107 ex
1177 3051 1299 3124 perdita

199 3148 302 3208 fabula
325 3151 490 3226 Euripiden
513 3160 567 3209 aut
589 3161 672 3209 certe
696 3153 877 3210 numerandi
898 3153 930 3210 in
950 3148 1181 3228 ‘antiquissimis
1203 3152 1295 3210 falsa-

199 3251 312 3307 riorum
338 3248 552 3312 emblematis'.
595 3252 703 3328 Neque
728 3254 808 3310 enim
830 3254 889 3312 hoc
912 3254 1115 3328 premendum
1138 3262 1186 3310 est
1208 3271 1298 3328 argu·

197 3485 283 3529 versu,
304 3471 376 3519 unde
394 3471 460 3520 haec
479 3472 615 3521 adnotatio
635 3487 742 3534 egressa
762 3479 808 3523 est.
828 3472 898 3521 Nam
917 3473 940 3520 si
958 3472 1020 3521 huic
1039 3471 1127 3520 versui
1144 3468 1298 3522 ἀνακόλου-

198 3561 247 3621 θος
265 3558 313 3607 illa
332 3566 460 3608 structura
480 3575 541 3608 vere
560 3560 637 3619 inest,
665 3560 716 3608 hoc
737 3559 885 3625 exemplum
904 3561 1011 3609 minime
1032 3559 1138 3609 facilius
1163 3560 1232 3608 serre
1251 3575 1298 3624 po·

197 3654 257 3706 test,
286 3662 364 3710 quam
388 3647 458 3696 illud
481 3663 512 3695 ex
531 3648 721 3697 Andromache
746 3654 885 3712 sumptum,
914 3663 972 3696 cum
996 3654 1022 3696 et
1044 3647 1088 3695 hic
1113 3654 1139 3695 et
1161 3645 1220 3695 illic
1243 3660 1297 3694 non

197 3737 277 3787 modo
293 3735 469 3785 nominativus
486 3737 619 3801 participii
636 3752 695 3786 curn
709 3752 741 3785 eo
754 3737 845 3794 verbo,
866 3736 938 3800 quod
952 3737 1114 3784 enuntiatum
1129 3734 1205 3796 regit,
1225 3733 1296 3781 iusto

196 3825 277 3874 modo
296 3838 350 3872 non
371 3823 518 3883 cohaereat,
539 3825 679 3873 sedetiam
699 3824 847 3874 insolenter
866 3839 898 3872 ex
917 3824 1066 3872 accusativo
1081 3823 1114 3870 ad
1127 3821 1295 3887 participium

196 3912 266 3961 illud
284 3913 432 3977 pertinente
451 3913 628 3961 nominativus
648 3912 766 3978 suppleri
784 3912 889 3971 debeat,
908 3911 954 3976 qui
971 3925 1127 3975 quamquam
1140 3909 1296 3974 pronomine

196 4017 250 4049 non
274 4001 436 4062 designatur,
466 4008 553 4050 tamen
575 4001 603 4050 in
629 4001 764 4064 superiore
789 3983 923 4049 enuntiato
945 3999 1059 4048 subiecti
1078 4013 1185 4046 munere
1207 3997 1297 4058 sunga-

198 4096 248 4139 tur.
278 4114 309 4124 —
338 4088 463 4137 Extremo
487 4087 547 4137 loco
574 4103 750 4136 commemoro
771 4088 833 4138 Hel.
858 4105 881 4138 v.
895 4087 1045 4152 287-289,
1073 4101 1184 4151 quorum
1203 4085 1298 4133 tradita

196 4177 282 4225 torma
301 4173 413 4224 similem
437 4176 546 4240 praebet
565 4175 753 4225 soloecismum
777 4171 821 4241 (ct.
842 4175 943 4226 Hirzel.
962 4173 980 4227 l.
999 4172 1039 4242 1.):
1070 4189 1137 4241 quos
1157 4177 1295 4237 corruptos

197 4280 256 4315 esse
273 4264 343 4314 inter
361 4264 431 4315 viros
451 4266 545 4315 doctos
565 4265 629 4315 satis
649 4270 760 4315 constat.
