2992 4920
742 306 756 354 8

170 540 173 545 .
197 483 302 562 φίλων
325 480 467 561 ἔλεγχον,
499 486 556 543 sed
577 485 637 542 hoc
659 485 744 559 quod
772 484 845 542 satis
868 484 978 542 mirum
1003 493 1068 544 est:
1102 479 1154 541 ‘ne
1179 471 1296 560 eiqui·

199 590 281 657 dem,
304 588 355 662 qui
377 587 573 645 mediocriter
596 595 715 645 tantum
740 587 829 644 nobis
852 587 1020 645 benevolus
1042 596 1099 655 est,
1122 587 1202 645 hanc
1222 588 1300 648 δυσ·

198 684 334 764 πραξίαν
356 689 524 764 imprecari.
569 689 693 746 Frustra
716 696 820 744 autem
843 705 982 762 quaereS,
1006 705 1059 744 cur
1073 689 1201 752 omnino,
1220 687 1301 746 hanc

199 790 282 865 piam
309 788 492 847 sententiam
514 789 695 865 Amphitruo
718 788 777 846 hoc
800 789 870 846 loco
894 788 1041 849 enuntiet.
1078 789 1244 847 Praeterea
1266 790 1299 846 id

200 890 286 965 quod
307 889 403 947 multo
426 889 547 962 gravius
573 897 630 958 est,
654 907 693 946 ne
715 890 794 947 haec
818 890 944 965 quidem
964 889 1118 947 sententia
1139 891 1300 964 perspicue

200 999 231 1047 et
253 998 336 1048 recte
358 990 397 1046 ab
418 989 637 1064 interpolatore
660 1008 805 1064 expressa
829 1000 885 1050 est.
912 992 1015 1066 Atque
1030 1009 1070 1048 ne
1086 990 1200 1048 diutius
1219 992 1302 1050 circa

199 1109 262 1148 rem
284 1091 382 1165 ipsam
404 1107 548 1159 erremus,
572 1109 648 1165 opus
671 1091 760 1148 nobis
783 1092 838 1148 erit
863 1100 1005 1150 naturam
1030 1091 1107 1148 illius
1134 1092 1302 1167 appositio·

199 1192 259 1258 nis‚·
283 1208 375 1265 quam
397 1190 477 1248 falso
499 1192 633 1249 imitatus
649 1201 697 1248 est
718 1201 826 1250 auctor
840 1212 867 1253 v.
884 1207 934 1267 59,
957 1192 1127 1250 accuratius
1149 1192 1302 1268 explicare

200 1301 232 1348 et
255 1291 391 1348 definire.
436 1290 578 1348 Refertur
602 1292 683 1349 enim
708 1293 757 1350 hic
789 1294 991 1362 accusativus
1025 1311 1116 1367 quem
1138 1293 1301 1369 Euripides

201 1410 240 1450 ex
270 1392 410 1449 omnibus
443 1393 619 1450 auctoribus
651 1393 777 1451 Graecis
808 1394 988 1469 saepissime
1020 1402 1052 1450 et
1082 1394 1301 1452 audacisssime

200 1493 366 1568 usurpavit,
400 1493 441 1550 ad
469 1500 535 1550 tota
569 1495 737 1562 enuntiata,
774 1495 816 1552 ita
839 1504 872 1552 ut
895 1495 954 1552 hoc
978 1495 1061 1551 brevi
1089 1495 1302 1553 additamento

201 1612 264 1652 nou
287 1593 386 1651 solum
406 1611 524 1651 summa
545 1594 699 1652 sententia
714 1595 761 1650 vel
776 1613 815 1652 ea
829 1595 920 1665 actio,
944 1613 1024 1670 quae
1044 1596 1191 1671 superiori
1206 1614 1302 1653 enun-

199 1697 277 1753 tiato
300 1695 416 1765 subest,
450 1703 606 1771 repetatur
628 1696 785 1764 adstricta,
820 1698 876 1753 sed
900 1698 993 1754 etiam
1017 1698 1170 1754 interdum
1192 1689 1225 1754 id
1248 1698 1302 1754 dc·

203 1797 360 1864 scribatur,
394 1798 479 1871 quod
506 1798 643 1871 sequitur
665 1798 712 1853 vel
741 1797 843 1854 elucet
870 1815 907 1854 ex
936 1798 986 1853 illa
1013 1798 1144 1857 actione.
1188 1798 1251 1856 Sed
1279 1798 1304 1854 si

200 1904 340 1954 nostrum
370 1896 471 1954 locum
500 1897 679 1971 inspexeris,
715 1916 866 1973 nusquam
889 1899 1025 1955 invenies
1048 1915 1117 1954 eam
1139 1897 1312 1966 actionem,

202 1999 359 2073 adquam
381 1998 575 2055 accusativus
603 1993 738 2072 ἔλεγχον
759 2000 912 2074 pertinere
939 1998 1046 2073 possit.
1091 1998 1200 2072 Neque
1224 1999 1302 2055 enim

203 2098 266 2154 fieri
292 2097 415 2173 poterit,
450 2107 484 2155 ut
512 2116 549 2154 ex
577 2100 715 2173 optativo
744 2100 793 2157 illo
816 2095 855 2173 ἧς
882 2131 916 2140 -
942 2094 1033 2173 τύχοι
1055 2099 1152 2173 ipsam
1174 2099 1303 2174 optandi

205 2199 359 2256 actionem
382 2199 539 2256 eliciamus
562 2208 594 2257 et
616 2202 824 2276 suppleamus,
853 2201 1032 2275 praesertim
1055 2217 1124 2257 cum
1146 2199 1204 2257 hac
1227 2200 1304 2274 peri-

202 2300 308 2358 culosa
336 2301 498 2374 supplendi
527 2301 647 2358 ratione
678 2300 845 2358 auctoritas
869 2320 895 2359 v.
913 2300 952 2375 58
977 2309 1008 2358 et
1033 2315 1072 2374 59
1104 2300 1187 2357 nullo
1209 2301 1303 2357 modo

203 2408 362 2474 augeatur.
406 2401 503 2457 Immo
526 2409 588 2458 tam
610 2419 771 2477 perversus
795 2409 843 2458 est
868 2408 952 2458 totus
976 2401 1071 2474 locus,
1107 2409 1140 2458 ut
1162 2402 1303 2459 omuibus

202 2500 367 2558 lenioribus
395 2500 534 2569 medelis,
568 2520 644 2577 quas
677 2510 767 2559 caute
795 2501 1001 2558 adhibuerunt
1029 2501 1119 2575 prisci
1149 2501 1188 2558 illi
1210 2502 1303 2559 inter-

204 2609 317 2677 pretes
333 2621 373 2659 ne
388 2602 583 2676 gravissimae
601 2603 726 2678 quidem
742 2601 929 2660 offensiones
946 2611 1167 2660 removeantur.
1189 2601 1304 2674 Quam·

204 2703 309 2758 obrem
331 2711 448 2758 certum
468 2711 516 2758 est
538 2721 564 2759 v.
579 2717 704 2779 57-59
725 2705 764 2760 ab
784 2703 919 2780 genuino
932 2703 1072 2760 Herculis
1090 2704 1218 2777 prologo
1234 2720 1304 2760 esse

204 2801 329 2860 alienos,
373 2801 491 2868 Restat,
515 2810 549 2858 ut
571 2820 608 2859 ea
629 2803 795 2877 proferam,
820 2821 899 2878 quae
923 2804 963 2860 de
986 2803 1102 2877 origine
1125 2811 1157 2860 et
1179 2803 1303 2860 historia

204 2894 244 2978 (si
266 2901 309 2956 ita
331 2901 435 2958 dicere
458 2897 572 2975 licebit)
596 2902 684 2959 huius
707 2903 952 2978 interpolationis
975 2903 1103 2961 conicio.
1126 2901 1201 2959 Mihi
1222 2901 1303 2959 enim

206 3001 365 3057 verisimile
388 3010 436 3058 est
458 3001 529 3057 olim
552 3021 577 3058 v.
597 3017 634 3077 57
659 3012 691 3061 et
714 3017 754 3078 59
777 3013 925 3061 nontam
954 3005 1086 3061 intrusos
1109 3003 1203 3061 fuisse
1226 3005 1303 3061 veris

168 3096 178 3101 ”
205 3101 342 3158 versibus
365 3119 456 3175 quam
472 3103 510 3162 ,in
532 3104 667 3177 margine
698 3105 880 3180 adscriptos,
926 3106 1072 3162 Fortasse
1095 3113 1199 3162 autem
1221 3124 1247 3165 v.
1264 3120 1302 3179 59

206 3202 285 3259 hanc
307 3203 472 3277 genuinam
496 3203 602 3261 habuit
626 3204 767 3262 formam:

426 3299 505 3378 τύχη
528 3301 633 3379 φίλων
657 3301 790 3381 ἔλεγχος
813 3302 1068 3382 ἀψευδέστατος,

207 3404 243 3462 cf.
268 3404 301 3463 fr.
326 3405 383 3464 inc.
408 3404 496 3476 1058,
518 3405 570 3461 ubi
592 3401 670 3480 τύχη
695 3407 806 3465 dicitur
826 3403 969 3483 ἔλεγχος,
995 3426 1102 3465 sensus
1125 3416 1228 3466 autem
1249 3426 1305 3465 no·

207 3513 269 3561 stro
293 3505 391 3561 versui
418 3523 525 3580 parum
549 3515 596 3563 est
618 3507 730 3567 similis.
776 3508 889 3566 Postea
912 3519 1014 3566 autem
1045 3511 1083 3567 ab
1106 3509 1227 3567 falsario
1250 3510 1304 3566 im·

207 3605 432 3678 pudentissimo
460 3608 523 3663 duo
551 3608 592 3663 illi
617 3626 721 3666 versus
744 3628 808 3667 non
829 3613 923 3668 modo
947 3610 1103 3668 contextui
1126 3618 1238 3685 poetae
1259 3610 1305 3666 in·

207 3706 279 3763 serti
302 3707 467 3763 sedetiam
489 3709 598 3765 mutati
620 3718 651 3766 et
674 3711 842 3768 rationibus
865 3712 1069 3788 grammaticis
1086 3710 1234 3786 neglectis
1249 3728 1305 3784 per

207 3823 326 3863 versum
347 3807 511 3881 insipidum
534 3810 733 3885 conglutinati
755 3820 827 3869 sunt
841 3810 874 3887 ¹).

311 4040 336 4107 1)
356 4041 421 4090 Cum
445 4044 525 4092 Herc.
546 4060 569 4093 v.
585 4055 616 4108 57
641 4047 788 4111 comparari
810 4052 899 4112 potest
924 4048 1009 4097 Andr.
1029 4064 1052 4096 v.
1067 4057 1128 4109 273,
1156 4045 1201 4109 qui
1226 4044 1306 4093 simili

212 4128 292 4177 modo
315 4129 479 4193 superiorum
499 4145 621 4179 versuum
642 4134 799 4182 sententiam
819 4133 960 4198 complecti
977 4134 1066 4183 studet
1084 4147 1215 4197 quemque
1235 4131 1307 4181 dele·

212 4217 251 4265 vit
261 4216 328 4267 Wil.
342 4218 395 4268 An.
409 4233 435 4283 p.
447 4218 499 4266 208
518 4219 679 4280 gravissimis
697 4222 730 4270 de
749 4220 843 4271 causis.
873 4220 922 4269 Cui
941 4223 1009 4272 adici
1030 4226 1119 4286 potest
1130 4220 1192 4270 Alc.
1206 4237 1230 4270 v.
1245 4219 1306 4281 196:
