2992 4920
731 311 762 363 τό

197 504 284 545 versu
316 485 393 546 infra
423 488 657 563 disputabimus.
701 487 811 564 Neque
835 496 939 547 autem
973 487 1101 566 simplex
1122 506 1298 567 pronomen

197 588 354 645 relativum
377 596 463 645 tanta
494 589 644 662 gravitate
673 588 849 663 praeditum
869 597 926 658 est,
955 599 989 648 ut
1017 589 1049 647 in
1069 589 1123 647 tali
1145 598 1299 649 structura

197 689 319 746 tolerari
342 690 448 765 possit.
494 689 611 748 Omitto
634 691 714 746 onim
729 690 807 751 Hec.
824 710 851 749 v.
867 706 938 767 711,
960 691 1013 748 ubi
1034 691 1066 748 in
1087 709 1176 749 versu
1198 691 1299 750 doch·

197 791 297 848 miaco
317 785 371 851 ‘ivor
401 808 471 847 cum
504 793 616 849 eadem
648 792 772 849 licentia
805 800 984 866 usurpatum
1010 793 1140 867 videtur,
1163 810 1297 868 quacum

197 891 377 949 Latinorum
409 893 461 949 ubi
495 892 659 949 adhibetur
687 901 718 951 et
739 893 835 951 Andr.
858 913 884 953 v.
901 891 960 966 652
984 887 1090 954 οὖσαν
1112 890 1170 968 μὲν
1191 888 1296 955 Ἠπει-

198 991 306 1067 ρῶτιν,
328 987 366 1052 οὗ
389 989 560 1067 πεσήματα
584 1011 609 1052 κ.
632 1011 658 1053 τ.
682 992 719 1064 λ.,
743 1011 834 1069 quem
857 995 945 1051 variis
967 995 1009 1052 de
1032 995 1132 1052 causis
1148 1012 1296 1053 unacum

198 1092 320 1149 duobus
354 1093 554 1167 sequentibus
576 1092 714 1150 versibus
737 1093 768 1150 in
791 1094 997 1169 suspicionem
1020 1111 1130 1151 vocare
1152 1110 1216 1151 non
1238 1095 1297 1151 du·

197 1193 263 1251 bito
281 1190 315 1270 ¹).
348 1193 556 1265 Quamobrem
578 1193 662 1251 nullo
684 1193 745 1252 alio
767 1195 863 1252 modo
884 1203 1023 1253 nostrum
1037 1194 1177 1252 Herculis
1192 1194 1296 1252 locum

198 1294 298 1351 sanari
319 1310 412 1367 posse
432 1301 508 1368 puto
530 1293 588 1352 uisi
611 1294 664 1362 ita,
698 1303 733 1352 ut
763 1311 883 1353 versum
910 1310 965 1371 157
998 1302 1179 1371 sequentem
1201 1293 1295 1353 facia·
1353 1311 1357 1317 ⁴

197 1411 265 1452 mus
288 1413 315 1452 ν.
336 1409 408 1466 151:
913 1406 916 1412 '

347 1491 375 1555 τί
398 1493 436 1569 δὴ
460 1493 497 1556 τό
519 1492 641 1572 σεμνὸν
663 1496 713 1576 σῷ
734 1492 960 1571 κατείργασται
982 1492 1087 1572 πόσει,

347 1592 385 1670 ὃς
408 1592 483 1671 ἔσχε
507 1593 605 1659 δόξαν
629 1593 726 1657 οὐδὲν
748 1593 795 1656 ὢν
817 1592 975 1672 εὐψυχίας
996 1615 1022 1657 κ.
1038 1615 1065 1659 τ.
1080 1596 1108 1657 λ.

198 1696 261 1754 Sed
283 1714 322 1753 no
345 1698 525 1754 temeritatis
541 1715 669 1755 accuser
690 1698 729 1754 ab
746 1698 800 1767 eis,
823 1699 874 1772 qui
889 1699 1115 1773 praeiudicatas
1132 1697 1295 1772 opiniones

198 1807 363 1872 soquentes
385 1799 462 1856 haec
484 1799 639 1874 Euripidis
674 1800 825 1874 purgandi
847 1800 951 1857 studia
974 1807 1088 1857 temere
1113 1798 1296 1873 despiciant,

198 1899 376 1973 gravissima
402 1898 553 1974 proferam
576 1908 767 1974 argumenta,
799 1916 894 1975 quare
916 1900 1048 1958 moleste
1071 1878 1169 1956 feram
1190 1917 1217 1958 v.
1237 1912 1293 1970 152

201 2007 317 2073 *154³

347 2095 448 2174 ὕδραν
471 2095 576 2161 ἕλειον
598 2094 625 2160 εἰ
648 2096 784 2160 διώλεσε
807 2097 933 2161 κτανὼν

347 2197 366 2274 ἢ
389 2197 447 2260 τὸν
469 2196 603 2274 Νέμειον
626 2195 707 2276 θῆρ’;
731 2196 770 2261 ὃν
792 2197 828 2262 ἑν
852 2197 981 2283 βρόχοις
1003 2197 1087 2263 ἑλὼν

349 2295 520 2376 βραχίονός
542 2303 621 2376 φησ’
644 2296 833 2375 ἀγχόναισιν
858 2298 985 2363 ἐξελεῖν.

199 2400 332 2459 Primum
355 2410 457 2459 autem
478 2401 617 2476 ineptum
639 2403 757 2459 videtur
771 2411 803 2459 et
823 2403 930 2460 inutile
945 2421 982 2459 ex
999 2402 1140 2460 omnibus
1154 2403 1294 2461 Herculis

198 2503 351 2561 laboribus
377 2503 432 2560 has
455 2504 536 2578 ipsas
559 2521 679 2578 pugnas
702 2522 771 2561 cum
792 2503 889 2578 hydra
911 2506 1052 2563 Lernaea
1071 2514 1102 2562 et
1120 2523 1188 2562 cum
1204 2504 1294 2562 leone

197 2603 354 2661 Nemeaeo
378 2604 567 2673 commissas
591 2623 671 2681 quae
692 2605 816 2662 minime
844 2606 975 2663 ludibrio
999 2607 1113 2681 dignae
1136 2614 1217 2675 sunt,
1240 2607 1295 2663 de-

199 2705 298 2760 ridere
322 2713 353 2762 et
375 2705 544 2779 despicere.
591 2705 715 2763 Deinde
748 2707 773 2763 si
806 2724 885 2782 quae
921 2706 1063 2782 exempla
1093 2706 1218 2764 omnino
1245 2707 1294 2764 hic

197 2805 371 2862 necessaria
404 2814 501 2873 erant,
535 2808 693 2865 debebant
717 2807 893 2882 generalem
926 2808 1008 2864 illam
1030 2807 1295 2882 vituperationem,

198 2922 277 2980 quae
299 2907 379 2962 inest
401 2924 427 2966 v.
448 2922 503 2982 157
521 2925 577 2984 sq.‚
612 2909 713 2983 sequi:
748 2909 791 2965 ita
824 2917 937 2977 autem,
971 2917 1005 2966 ut
1034 2927 1117 2966 nunc
1146 2909 1238 2967 verba
1261 2927 1294 2967 se

197 3004 323 3074 habent,
347 3007 488 3081 exempla
520 3017 593 3066 ante
624 3026 688 3066 rem
714 3010 812 3084 ipsam
834 3009 1010 3068 afferuntur.
1055 3011 1149 3067 Addo
1172 3011 1295 3068 tertium

197 3114 421 3179 argumentum,
456 3107 504 3164 cui
529 3127 567 3164 ex
598 3111 739 3166 omnibus
761 3110 926 3167 maximam
948 3110 1047 3167 tribuo
1071 3111 1294 3170 auctoritatem.

199 3203 454 3281 Comparantibus
491 3209 571 3266 enim
607 3211 696 3268 nobis
733 3211 858 3268 brevem
890 3213 1025 3287 quidem,
1060 3213 1118 3270 sed
1150 3211 1294 3270 conviciis

300 3420 324 3487 1)
344 3424 386 3471 De
404 3424 490 3474 Andr.
512 3440 536 3474 v.
550 3424 690 3488 652-654
711 3424 795 3474 fusius
815 3424 950 3490 disputare
969 3441 1038 3474 nunc
1058 3441 1112 3476 non
1132 3424 1204 3475 licet.
1232 3425 1296 3475 Sen-

197 3510 279 3560 tentia
298 3527 322 3559 v.
334 3511 385 3576 654
404 3512 511 3561 omnino
531 3513 643 3562 ridicula
663 3518 689 3561 et
708 3513 823 3562 absurda
845 3521 896 3562 est:
914 3529 938 3564 v.
951 3512 1002 3578 652
1017 3522 1043 3563 et
1057 3514 1107 3577 653
1121 3520 1208 3563 autem
1223 3521 1295 3564 tanta

196 3596 318 3648 laborant
341 3600 533 3649 vocabulorum
560 3601 636 3667 copia
661 3609 687 3650 et
709 3601 879 3661 abundantia,
908 3616 977 3666 quae
999 3601 1043 3650 vix
1067 3602 1095 3650 in
1119 3602 1295 3667 tumidissime

197 3687 298 3737 cantico
318 3689 379 3737 ferri
397 3690 491 3755 possit.
519 3690 630 3749 Auctor,
649 3688 701 3738 nisi
719 3688 798 3737 valde
817 3688 904 3749 fallor,
921 3690 991 3739 male
1009 3690 1125 3739 imitatus
1145 3700 1185 3741 est
1203 3706 1293 3740 verum

196 3777 361 3842 Euripidem,
380 3779 427 3842 qui
447 3785 532 3828 exstat
545 3779 617 3845 Cycl.
633 3790 783 3843 304-305.
801 3780 889 3828 Recte
908 3786 996 3828 autem
1015 3778 1067 3828 iam
1087 3779 1222 3828 Hirzelius
1241 3777 1295 3845 (De

196 3863 259 3914 Eur.
277 3865 304 3913 in
323 3867 514 3930 componendis
535 3867 662 3916 diverbiis
682 3873 746 3926 arte,
765 3881 791 3931 p.
805 3867 848 3930 94)
867 3866 943 3925 vidit,
966 3866 1071 3916 tertium
1089 3866 1295 3916 Andromachae

197 3951 356 4016 epeisodion
374 3954 626 4019 interpolationibus
644 3954 724 4003 valde
743 3954 923 4018 perturbatum
943 3969 1010 4005 esse.
1030 3955 1067 4004 Vt
1086 3970 1118 4003 ex
1135 3955 1185 4004 hac
1203 3957 1295 4004 Mene·

196 4038 233 4087 lai
252 4040 372 4089 oratione
388 4056 512 4104 magnum
530 4057 652 4091 versuum
671 4056 808 4090 numerum
827 4038 993 4109 (668-677)
1012 4042 1072 4108 ipse
1091 4043 1164 4094 Hira.
1185 4042 1294 4107 expulit.

196 4127 284 4175 Etiam
303 4127 380 4176 Pelei
399 4129 481 4178 verba
499 4130 661 4194 (590-641)
684 4127 847 4178 foedissimis
865 4128 1086 4195 interpolatorum
1109 4129 1296 4181 additamentis

196 4215 325 4265 maculata
344 4224 413 4268 sunt.
