2992 4920
735 387 766 440 14

341 547 383 611 σὺ
407 548 464 627 μὲν
487 546 552 623 λέγ’
569 544 658 625 ,ἡμᾶς
681 544 731 624 οἷς
752 546 965 626 πεπύργωσαι
987 548 1107 628 λόγοις,

342 649 406 725 ἐγὼ
429 651 465 713 δὲ
487 648 599 727 δράσω
617 647 648 712 σ’
673 647 743 713 ἀντὶ
765 651 830 712 τῶν
853 648 961 725 λόγων
983 654 1098 728 κακῶς.
1142 696 1145 700 -

274 814 277 821 ,
301 753 555 829 Amphitruonem
587 761 700 822 autem,
735 753 786 828 qui
820 753 904 811 haud
936 755 1058 828 ignorat
1090 755 1147 812 sibi
1179 755 1297 828 totique

195 853 341 911 Herculis
375 853 506 911 familiae
538 861 667 910 mortem
700 870 771 912 esse
799 854 957 912 decretam
979 872 998 910 a
1021 863 1160 931 tyranno,
1183 856 1297 930 optime

202 957 294 1014 decet
324 955 472 1012 audacius
505 964 537 1011 et
570 955 690 1030 longius
713 954 798 1030 Lyco
820 957 1017 1030 respondere.
1061 956 1150 1014 Nunc
1173 957 1298 1031 quidem

201 1058 408 1116 difficillimum
430 1057 519 1114 nobis
550 1066 598 1114 est
619 1057 785 1131 genuinam
806 1057 882 1132 Lyci
910 1059 1193 1133 breviloquentiam,
1217 1077 1298 1133 quae

202 1161 366 1216 obscurata
387 1166 435 1215 est
457 1157 709 1232 interpolatorum
732 1157 900 1227 fraudibus
923 1159 1015 1234 plane
1037 1161 1207 1220 restituere.
1238 1159 1299 1217 Le·

201 1268 314 1334 guntur
346 1268 459 1327 autem,
492 1258 550 1315 nisi
569 1250 668 1327 fallor,
700 1259 768 1316 sine
790 1249 1086 1339 gravioribusfvers.
1123 1246 1454 1345 140-147sfssaeaer'ca

201 1377 387 1436 quamquam
408 1360 439 1416 in
460 1379 487 1418 v.
509 1358 565 1432 146
589 1361 734 1419 traditum
756 1355 836 1420 ὥσθ’
860 1362 933 1418 satis
957 1361 1084 1418 dubium
1107 1368 1164 1422 est.
1197 1360 1297 1434 Magis

201 1469 305 1518 autem
328 1479 420 1536 quam
441 1456 602 1518 Matthiaei
629 1462 807 1519 coniectura
829 1456 875 1535 ὡς
897 1461 969 1519 mihi
991 1461 1102 1536 placet,
1125 1463 1211 1536 quod
1230 1461 1298 1519 Wil.

202 1563 305 1620 scribit
325 1563 357 1619 in
378 1579 434 1619 sua
456 1562 595 1620 editione
617 1556 686 1622 εἷθ’..
713 1561 803 1634 Quae
826 1563 1003 1620 coniectura
1024 1563 1067 1619 ita
1089 1563 1298 1636 intellegenda

201 1670 257 1732 est,
292 1671 326 1720 ut
360 1663 477 1739 Lycum
513 1681 583 1721 cum
616 1663 827 1738 indignatione
859 1664 1099 1738 interrogantem
1136 1662 1297 1721 faciamus:

218 1758 259 1823 ἴθ’
283 1758 326 1842 (λι.
346 1784 374 1821 e.
397 1782 583 1840 quamquam
615 1782 663 1822 res
695 1772 814 1823 vestrae
847 1762 891 1820 ita
921 1781 954 1822 se
986 1759 1114 1841 habent)
1136 1759 1217 1839 ὑπὲρ
1239 1761 1297 1837 τὴν

201 1859 292 1926 ἀξίαν
313 1861 352 1924 τὸ
373 1862 494 1939 πένθος
516 1861 654 1940 αἴρεσθε.
689 1865 768 1923 Nam
792 1866 831 1922 ab
852 1865 898 1922 his
917 1865 990 1940 ipsis
1012 1866 1112 1922 verbis
1134 1860 1215 1940 ὑπὲρ
1238 1862 1296 1938 τὴν

202 1960 294 2028 ἀξίαν
316 1967 421 2040 incipit
439 1984 523 2023 -nova
545 1985 615 2042 pars
639 1967 786 2027 orationis
810 1966 970 2024 continens
1001 1967 1111 2024 odiosa
1132 1967 1298 2024 maledicta

139 2143 142 2146 y
202 2067 233 2124 in
255 2067 397 2125 Herculis
423 2067 549 2124 virtutes
572 2068 720 2127 coniecta.
747 2067 809 2125 Sed
831 2069 863 2124 in
884 2067 951 2141 ipso
973 2067 1062 2125 huius
1085 2069 1179 2142 partis
1195 2069 1296 2124 limine

201 2168 298 2242 pedes
322 2168 428 2224 sistere
450 2168 659 2224 necessarium
678 2169 742 2228 erit.
779 2169 828 2225 An
850 2186 929 2243 quae
950 2169 1148 2226 necessitudo
1171 2170 1299 2226 interest

201 2281 233 2329 et
255 2273 331 2330 ratio
357 2272 437 2330 iusta
454 2273 533 2330 inter
553 2273 679 2331 nimium
696 2273 929 2330 Heraclidarum
952 2275 991 2330 de
1008 2282 1106 2332 morte
1129 2275 1244 2331 luctum
1266 2281 1298 2329 et

200 2373 278 2430 inter
301 2391 354 2431 eas
378 2374 571 2443 iactationes,
594 2392 670 2450 quas
694 2375 766 2432 olim
785 2392 840 2450 per
857 2373 1019 2432 Graeciam
1034 2375 1139 2432 tulisse
1155 2376 1298 2432 dicuntur

200 2473 380 2547 Amphitruo
404 2484 436 2534 et
457 2473 604 2552 Megara?
637 2475 838 2535 Nihilominus
872 2476 935 2533 fieri
968 2485 1091 2551 poterat
1112 2477 1238 2552 optime,
1263 2484 1297 2532 ut

201 2572 261 2630 hoc
281 2573 349 2630 loco
360 2575 459 2649 Lycus
482 2577 606 2633 nimiam
626 2576 716 2645 illam,
738 2594 829 2651 quam
846 2578 985 2650 castigat,
1006 2577 1131 2652 lugendi
1148 2577 1298 2634 rationem

202 2675 390 2749 depingeret.
415 2676 518 2748 Quam
541 2677 780 2752 descriptionem
803 2685 961 2735 auctorem
983 2696 1009 2738 v.
1030 2677 1192 2751 148—150
1214 2678 1297 2734 desi·

202 2777 329 2834 derasse
352 2787 596 2836 consentaneum
617 2787 675 2838 est.
719 2778 782 2836 Sed
815 2781 915 2836 elucet
946 2779 1028 2837 fraus
1057 2779 1145 2836 buius
1168 2779 1297 2835 hominis

201 2895 271 2934 cum
291 2898 328 2936 ex
352 2879 511 2954 participio
544 2881 648 2938 aoristi
681 2874 867 2956 (ἐκβαλὼν),
901 2881 986 2955 quod
1015 2890 1140 2956 propter
1167 2875 1296 2955 αἴρεσθε

200 2979 447 3037 molestissimum
480 2989 537 3049 est,
574 2990 638 3038 tum
670 2998 709 3037 ex
741 2982 955 3038 additamento
989 2981 1194 3056 ineptissimo:
1226 2975 1295 3041 καθ’

201 3074 347 3140 Ἑλλάδα.
384 3081 441 3139 Est
464 3090 568 3142 autern
590 3082 679 3139 facile
701 3083 796 3151 dictu,
820 3082 903 3138 unde
925 3081 1064 3140 falsarius
1087 3082 1245 3139 materiam
1265 3090 1297 3138 et

201 3183 386 3239 sententiam
410 3182 517 3240 horum
534 3199 675 3241 versuum
697 3183 754 3239 sibi
778 3184 949 3258 sumpserit.
973 3183 1058 3255 Quid
1074 3179 1169 3258 ergo?
1191 3191 1295 3240 nostra

204 3281 306 3340 fabula
328 3301 432 3339 nonne
464 3284 568 3357 incipit
591 3283 630 3339 ab
654 3283 738 3340 hisce
765 3283 993 3358 Amphitruonis
1016 3284 1115 3340 verbis
1138 3284 1212 3340 satis
1232 3303 1297 3340 ma-

198 3381 335 3457 gnificis:
362 3378 417 3458 Τίς
432 3379 489 3445 τὸν
504 3379 588 3456 Διὸς
603 3379 801 3457 σύλλεκτρον
817 3379 876 3443 οὐκ
891 3378 980 3443 οἶδεν
1003 3383 1137 3459 βροτῶν,
1153 3377 1295 3458 Ἀργεῖον

197 3478 424 3558 Ἀμφιτρύων’;
453 3494 486 3543 et
500 3484 627 3559 Megara
649 3485 716 3558 ipsa
737 3501 839 3541 nonne
863 3486 904 3540 de
927 3502 961 3541 se
982 3485 1078 3541 iactat
1100 3481 1140 3560 (v.
1158 3481 1297 3559 67-68)
1383 3465 1386 3471 ¹

200 3578 271 3658 κᾶμ’
297 3579 398 3644 ἔδωκε
414 3583 501 3646 παιδὶ
522 3589 572 3667 σῷ
598 3615 631 3624 -
660 3581 818 3660 ἐπίσημον
840 3581 945 3659 εὐνὴν.
968 3603 994 3645 κ.
1009 3603 1035 3645 τ.
1052 3583 1078 3644 λ.
1101 3579 1154 3663 (cf.
1172 3605 1198 3642 v.
1211 3581 1296 3659 493).

201 3683 366 3742 Praeterea
400 3686 608 3760 comparanda
640 3693 687 3742 est
721 3704 792 3742 cum
825 3693 931 3743 nostro
966 3687 1034 3742 loco
1069 3694 1194 3761 propter
1222 3685 1297 3741 mira

202 3783 308 3840 verba:
332 3779 401 3843 καθ’
424 3779 549 3846 Ἑλλάδ’
583 3803 695 3862 magna
727 3787 956 3862 Amphitruonis
992 3787 1187 3854 declamati0,
1218 3803 1298 3859 quae

201 3883 400 3942 vehementer
421 3887 562 3962 obiurgat
584 3894 696 3943 terram
708 3885 817 3944 Cadmi
839 3896 870 3944 et
894 3894 991 3945 tutam
1004 3888 1166 3944 Graeciam
1183 3883 1221 3961 (v.
1237 3901 1295 3960 217

201 3980 270 4060 sq.).
315 3985 376 4042 Sed
410 3996 539 4060 augetur
571 3996 675 4044 nostra
705 3988 838 4062 suspicio
861 3990 972 4045 tradita
994 4007 1021 4047 v.
1041 4005 1099 4061 149
1122 3988 1230 4043 forma:
1251 3983 1298 4060 ὡς

202 4081 369 4159 σύγγαμός
392 4097 445 4146 σοι
467 4082 552 4161 Ζεὺς
574 4085 660 4148 τέκοι
682 4085 767 4161 νέον,
801 4106 893 4163 quam
922 4098 1007 4146 certa
1037 4090 1154 4146 ratione
1176 4088 1298 4145 sanabi-

201 4187 261 4243 lem
283 4204 352 4243 esse
375 4189 491 4262 optimo
512 4190 577 4246 iure
598 4198 693 4264 negat
715 4190 753 4248 K.
774 4190 894 4247 Licebit
926 4191 1008 4247 cuim
1040 4190 1191 4257 dubitare,
1223 4207 1296 4246 num

202 4287 251 4347 hic
272 4305 377 4345 versus
402 4306 537 4364 unquam
558 4290 707 4367 integram
730 4291 870 4348 habuerit
890 4291 1028 4359 formam,
1054 4308 1124 4348 cum
1146 4291 1297 4348 interdum
