2992 4920
743 376 776 432 50

356 535 496 619 Ἄδμηθ,
519 539 599 619 ὁρᾶς
622 539 683 620 γὰρ
706 539 790 619 τάμὰ
812 541 971 621 πράγμαθ’
994 541 1040 620 ὡς
1060 541 1133 621 ἔχει,

357 643 421 717 ἐγὼ
443 642 548 721 παρόν
571 664 623 721 μοι
646 643 686 721 μὴ
710 647 819 708 θανεῖν
841 642 921 723 ὑπὲρ
943 645 1040 708 σέθεν
1058 649 1122 709 κτλ.

217 745 307 811 Certe
328 748 434 822 negari
455 766 518 804 non
538 755 642 823 potest
661 747 719 805 hac
734 749 910 806 coniectura
925 756 956 806 et
971 749 1155 807 sententiam
1171 758 1202 807 et
1216 758 1312 807 struc-

217 856 315 905 turam
326 849 423 907 nostri
437 849 496 906 loci
507 850 587 906 bene
600 851 710 918 sanari,
722 851 858 924 quamvis
870 851 960 909 liceat
971 851 1112 908 conicere
1124 851 1204 909 hanc
1216 851 1314 926 ipsam

215 950 474 1008 constructionem
494 951 686 1025 perspicuam
708 951 830 1009 falsario
854 951 1022 1026 longiorem
1042 960 1073 1008 et
1096 953 1313 1010 contortiorem

215 1049 309 1107 fuisse
340 1058 371 1107 et
403 1051 531 1125 primam
565 1051 808 1126 interpolationis
842 1068 966 1108 causam
997 1052 1134 1111 dedisse.
1181 1052 1317 1126 Sumpsit
1364 1088 1368 1095 ‹

215 1160 319 1208 autem
341 1151 526 1209 versificator
549 1151 663 1209 fraudis
690 1169 765 1208 suae
797 1151 956 1209 materiam
988 1170 1025 1208 ex
1053 1152 1120 1226 ipsa
1144 1152 1315 1209 Alcestide:

215 1269 287 1309 nam
309 1252 434 1309 verbum
447 1248 638 1328 πρεσβεύειν
659 1253 749 1309 nobis
764 1252 795 1309 in
809 1261 944 1309 mentem
959 1260 1083 1310 revocat
1098 1272 1124 1314 v.
1142 1267 1197 1327 155
1215 1248 1316 1312 πόσιν

212 1348 389 1427 προτιμῶσ’
418 1362 449 1409 et
471 1354 578 1412 verba:
614 1350 848 1427 καταστήσασα
881 1354 954 1429 φῶς
985 1350 1052 1414 τόδ’
1076 1349 1221 1429 εἰσορᾶν·
1247 1371 1317 1429 pro-

215 1454 330 1510 duntur
352 1472 379 1512 v.
396 1451 455 1526 362
478 1451 551 1529 πρὶν
575 1450 609 1528 ἐς
632 1453 705 1529 φῶς
728 1451 790 1515 σὸν
823 1454 1023 1529 καταστῆσαι
1055 1451 1132 1531 βίον,
1163 1456 1200 1515 cf.
1226 1473 1317 1530 prae·

213 1561 299 1611 terea
323 1573 349 1613 v.
365 1569 428 1626 340
453 1562 484 1612 et
507 1574 534 1612 v.
550 1554 725 1628 461-462.

315 1652 522 1729 Desperatum
544 1674 570 1712 v.
586 1671 641 1731 291

406 1756 514 1831 καλῶς
536 1754 593 1831 μὲν
617 1752 726 1830 αὐτοῖς
748 1754 918 1817 κατθανεῖν
940 1751 1019 1830 ἧκον
1040 1752 1119 1832 βίου,
1215 1751 1217 1755 ’

219 1872 310 1930 quem
332 1864 507 1931 corruptum
530 1875 599 1914 esse
614 1857 675 1914 iam
693 1859 811 1914 dudum
828 1857 968 1913 viderunt
982 1857 1174 1930 interpretes,
1193 1858 1317 1915 silentio

216 1956 383 2031 praeterire
415 1956 487 2012 mihi
519 1976 584 2014 non
616 1957 695 2016 licet.
740 1957 818 2014 Nam
841 1957 1084 2026 emendationes,
1112 1975 1192 2032 quae
1214 1958 1317 2015 adhuc

217 2058 384 2131 indagatae
418 2066 489 2115 sunt
509 2077 528 2115 a
549 2059 617 2116 viris
647 2059 756 2127 doctis,
789 2059 909 2116 etiamsi
941 2059 1037 2132 primo
1071 2059 1180 2116 obtutu
1212 2059 1319 2116 lectori

219 2158 364 2226 arrident,
393 2167 497 2216 tamen
518 2160 640 2235 probari
662 2169 831 2235 nequeunt.
875 2159 922 2216 Ne
944 2159 1072 2216 Mekleri
1098 2160 1222 2234 quidem
1245 2179 1318 2217 con·

218 2261 335 2318 iectura
357 2257 587 2337 (καταφρονεῐν
611 2253 695 2338 βίου)
718 2261 790 2317 mihi
812 2261 971 2328 satisfacit,
996 2279 1065 2317 cum
1091 2261 1209 2317 etiamsi
1231 2260 1318 2317 diffe-

218 2361 346 2418 rentiam
358 2369 530 2436 temporum
542 2357 772 2438 (καταφρονεῑν
784 2392 821 2401 -
840 2361 947 2421 σῶσαι
962 2392 999 2400 -
1012 2354 1135 2436 θανεῖν)
1158 2361 1318 2429 mittimus,

218 2461 323 2536 utique
346 2471 504 2519 remaneat
525 2463 721 2520 incommoda
737 2462 875 2519 eiusdem
897 2462 1031 2518 notionis
1050 2461 1204 2536 repetitio.
1230 2460 1317 2518 ldem

218 2562 302 2619 cadit
323 2563 355 2618 in
376 2562 528 2639 Hartungi
551 2563 774 2621 coniecturam:
808 2559 945 2623 ἐκλιπεῖν
978 2558 1055 2638 βίον.
1099 2563 1140 2620 Et
1166 2561 1317 2620 mehercle

217 2671 280 2720 tam
302 2664 457 2739 desperati
480 2674 550 2722 sunt
573 2664 668 2721 nostri
695 2681 808 2732 versus,
843 2672 877 2719 ut
905 2664 994 2720 valde
1016 2664 1056 2720 sit
1085 2662 1222 2731 dubium,
1244 2681 1318 2720 num
1401 2690 1405 2697 ·

215 2782 351 2839 unquam
374 2783 444 2822 vera
466 2766 630 2832 medicina,
653 2783 733 2840 quae
751 2765 840 2821 nobis
863 2780 966 2821 verum
993 2764 1106 2820 reddat
1127 2762 1317 2838 Euripidem,

215 2865 343 2923 inveniri
365 2867 472 2940 possit.
517 2866 719 2924 Nihilominus
751 2865 861 2933 dicam,
895 2866 979 2940 quod
1002 2865 1075 2922 mihi
1098 2864 1201 2922 adhuc
1222 2864 1319 2921 maxi·

219 2984 300 3023 mam
322 2967 449 3041 praebet
481 2967 735 3042 probabilitatem.
781 2965 908 3023 Conicio
937 2967 1017 3023 enim
1040 2966 1110 3023 olim
1131 2965 1316 3022 sententiam

218 3085 247 3126 v.
264 3083 424 3141 290-291
463 3067 639 3125 brevissime
672 3084 849 3142 expressam
880 3066 973 3124 fuisse
999 3086 1061 3125 uno
1085 3083 1187 3124 versu.
1232 3065 1317 3138 Quid

218 3185 290 3224 vero
312 3168 476 3243 Euripides
510 3169 672 3242 scripserit,
701 3168 925 3243 amplificatoris
959 3186 1053 3243 opera
1089 3167 1229 3241 diligenti
1254 3175 1317 3224 tam

216 3267 367 3324 incertum
399 3275 456 3336 est,
490 3276 524 3324 ut
558 3277 648 3324 caute
673 3269 868 3325 coniecturae
893 3286 1027 3343 parcam.
1071 3267 1222 3342 Suspecta
1244 3265 1318 3323 mihi

219 3375 290 3425 sunt
312 3384 358 3424 ex.
381 3385 425 3441 gr.
457 3368 564 3425 verba:
596 3367 703 3441 καλῶς
734 3366 769 3429 δὲ
792 3368 900 3429 σῶσαι
925 3368 1033 3443 παῖδα,
1068 3386 1138 3426 cum
1175 3367 1318 3425 servandi

216 3468 302 3525 notio
325 3468 385 3524 iam
404 3468 500 3526 lateat
522 3478 554 3526 et
576 3469 665 3527 facile
687 3471 826 3528 eliciatur
857 3488 895 3526 ex
928 3470 1080 3527 contrario
1103 3469 1195 3526 verbo
1217 3462 1316 3542 πρού-

220 3570 333 3630 δοσαν.
378 3568 430 3626 Sin
453 3587 524 3628 vero
548 3572 611 3629 duo
634 3572 675 3628 illi
697 3589 801 3628 versus
834 3590 872 3628 ex
900 3570 994 3646 ipsius
1018 3569 1170 3644 Euripidis
1193 3565 1316 3641 ingenio

218 3671 407 3745 prodierunt,
428 3670 501 3727 mihi
524 3671 723 3728 certissimum
747 3680 794 3728 est
815 3672 944 3745 primum
965 3688 1084 3726 versum
1109 3663 1197 3741 (291)
1221 3682 1317 3740 oppo-

219 3770 309 3827 situm
344 3770 437 3826 fuisse
460 3789 487 3829 v.
505 3771 565 3844 289
599 3767 693 3847 (ἥβης
717 3767 838 3846 ἔχουσα
861 3768 948 3846 δῶρ’,
982 3766 1017 3831 ἐν
1050 3763 1099 3842 οἷς
1122 3758 1315 3842 ἐτερπόμην)

220 3877 252 3925 et
275 3870 463 3927 continuisse
498 3871 751 3944 significationem
784 3873 894 3930 aetatis
927 3870 1098 3946 parentium
1131 3868 1191 3926 iam
1224 3867 1315 3939 longe

218 3976 395 4047 provectae,
419 3969 456 4028 cf.
479 3990 505 4030 v.
521 3970 705 4045 469-470:

228 4073 232 4079 ’
460 4068 498 4134 ὃν
524 4067 635 4133 ἔτεκον
654 4070 681 4132 δ’
704 4067 763 4133 οὐκ
785 4066 882 4130 ἔτλαν
906 4067 1047 4146 ῥύεσθαι,

460 4170 606 4248 σχετλίω,
628 4169 745 4233 πολιὰν
767 4168 878 4246 ἔχοντε
901 4167 1022 4245 χαίταν,
1352 4237 1353 4241 ,

219 4273 259 4336 cf.
281 4274 374 4336 etiam
395 4272 579 4334 scholiorum
604 4272 902 4354 interpretationem:
924 4265 1017 4346 ἧκον·
1048 4264 1118 4333 ἀντὶ
1139 4269 1197 4332 τοῦ
1220 4265 1313 4345 ἥκον·
