2992 4920
731 349 762 409 55

203 519 292 577 velim
316 517 428 580 Bacch.
451 538 477 578 v.
494 531 670 594 773—774,
693 518 744 594 qui
766 519 920 594 vulgarem
942 518 1048 594 populi
1069 516 1197 577 tunicati
1216 516 1297 596 sapi·

201 621 315 678 entiam
336 622 475 678 tradunt:
498 614 589 680 οἴνου
607 617 642 679 δὲ
665 617 770 694 μηκέτ’
794 615 890 693 ὄντος
912 615 971 680 οὐκ
993 615 1081 680 ἔστιν
1095 615 1210 694 Κύπρις
1226 616 1294 681 οὐδ’

199 715 280 781 ἄλλο
313 718 452 795 τερπνὸν
487 715 584 781 οὐδὲν
619 715 802 794 ἀνθρώποις
833 715 887 779 ἔτι.
932 719 1018 790 Quos
1051 722 1089 778 ab
1120 721 1187 796 ipso
1210 722 1295 779 Euri·

199 822 272 896 pide
304 822 336 879 in
369 821 427 879 hac
460 821 563 878 fabula
595 838 664 877 esse
689 821 827 894 scriptos,
853 821 997 894 quoniam
1021 822 1059 878 ab
1082 821 1176 896 ipsius
1198 823 1296 879 nuntii

200 920 260 977 fine
294 929 326 978 et
355 922 483 978 consilio
507 920 671 978 abhorrent
700 916 752 996 (cf.
776 940 802 978 v.
819 919 985 995 687—688
1008 929 1040 978 et
1061 940 1087 978 v.
1105 918 1296 1002 313-316),

113 1089 116 1096 ,
200 1023 273 1079 mihi
295 1025 434 1079 nondum
455 1022 542 1096 potui
566 1022 762 1095 persuadere.
807 1021 917 1095 Neque
939 1030 1042 1079 autem
1065 1024 1176 1079 deesse
1192 1024 1296 1080 viden·

199 1131 247 1180 tur
268 1123 300 1179 in
323 1122 451 1181 Bacchis
474 1123 525 1180 alii
545 1122 615 1189 loci,
638 1122 688 1178 ubi
702 1120 806 1196 Cypris
824 1130 1037 1197 argumentum
1052 1123 1295 1198 interpolationis

200 1225 247 1281 vel
270 1224 458 1281 dilatationis
481 1223 615 1280 dederit:
640 1240 717 1296 quos
738 1239 820 1279 nunc
841 1229 974 1280 tractare
996 1241 1059 1279 non
1082 1224 1161 1283 licet.
1205 1224 1295 1283 Prae·
1334 1273 1336 1277 ,

198 1332 284 1383 terea
308 1342 514 1382 commemoro
537 1324 589 1382 Tr.
612 1342 639 1383 v.
656 1321 832 1397 665-668,
856 1324 907 1397 qui
928 1323 1123 1383 immodestia
1144 1326 1211 1384 illos
1232 1327 1296 1384 He·

197 1426 297 1484 cubae
322 1443 427 1482 versus
448 1426 540 1500 plane
563 1425 773 1500 aequiparant.
808 1422 887 1481 Puto
918 1433 1022 1482 autem
1043 1443 1113 1483 cum
1134 1425 1295 1484 Dindorfio

197 1543 261 1583 non
283 1528 379 1583 modo
402 1524 613 1598 noos—668
647 1527 704 1582 sed
738 1525 830 1582 etiam
862 1543 888 1582 ν.
905 1525 1070 1599 ool—664
1098 1536 1128 1583 et
1149 1547 1175 1587 v.
1190 1526 1294 1603 669-

200 1625 260 1700 672
284 1627 323 1684 ab
346 1626 373 1685 Τ
375 1627 521 1684 roadibus
545 1643 613 1683 esse
645 1627 773 1693 alienos,
805 1627 983 1700 praesertim
1015 1645 1085 1684 cum
1111 1645 1201 1684 nemo
1223 1638 1294 1703 post

198 1726 265 1787 Wil.
296 1728 485 1802 praeclaram
508 1729 548 1784 de
572 1746 598 1785 v.
613 1724 776 1800 365—383
812 1726 1052 1801 disputationem
1074 1724 1124 1804 (A.
1146 1747 1175 1803 p.
1193 1746 1294 1786 221-

200 1823 274 1903 224)
298 1829 439 1887 dubitare
460 1830 568 1904 possit,
592 1829 666 1904 quin
692 1827 769 1885 haec
792 1844 917 1902 quoque
945 1828 1049 1885 fabula
1069 1830 1168 1903 longis
1187 1838 1219 1886 et
1240 1831 1295 1888 im·

198 1930 428 2004 pudentissimis
464 1929 684 1988 additamentis
713 1927 839 1985 foedata
862 1929 909 1987 sit.
954 1928 1016 1986 Sed
1038 1937 1158 2004 tempus
1182 1939 1239 2000 est,
1261 1940 1295 1988 ut

200 2031 364 2088 redeamus
386 2033 427 2089 ad
448 2032 592 2100 Alcestin,
614 2031 665 2086 ubi
688 2029 882 2086 callidissime
905 2030 1051 2088 insertam
1073 2030 1221 2088 habemus
1237 2032 1295 2107 Cy·

196 2132 316 2207 pridem
336 2133 368 2189 in
392 2151 418 2192 ν.
436 2146 610 2207 790-791,
654 2129 804 2186 Hercules
824 2130 904 2187 enim
918 2139 1082 2206 postquam
1097 2150 1199 2189 veram
1214 2133 1295 2191 vitae

197 2234 380 2308 sapientiam
419 2250 538 2290 servum
577 2216 704 2298 docuit,
738 2230 830 2287 finem
863 2232 1081 2289 admonitionis
1114 2250 1190 2289 suae
1223 2232 1295 2291 lacit

196 2352 223 2393 v.
241 2332 422 2410 787-789:

345 2427 434 2493 ταῦτ’
458 2427 518 2493 οὖν
541 2428 686 2507 ἀκούσας
708 2429 760 2493 καὶ
782 2430 893 2507 μαθὼν
916 2430 995 2508 ἐμοῦ
1017 2429 1105 2509 πάρα

348 2529 502 2609 εὔφραινε
525 2530 658 2609 σαυτόν,
679 2533 760 2601 πῖνε,
782 2531 839 2593 τὸν
861 2535 931 2594 καθ’
952 2530 1075 2609 ἡμέραν

351 2631 419 2711 βίον
443 2630 571 2705 λογίζου
594 2630 665 2709 σόν,
687 2631 727 2694 τὰ
751 2627 777 2694 δ’
801 2630 883 2694 ἄλλα
905 2634 962 2709 τῆς
984 2631 1092 2710 τύχης.

198 2735 274 2807 Quis
297 2752 360 2791 non
383 2735 489 2791 credat
518 2733 594 2808 haec
616 2734 722 2808 legens
746 2735 837 2793 verba
870 2737 1039 2793 orationem
1061 2735 1202 2793 Herculis
1224 2757 1293 2797 esse

197 2836 277 2893 bene
301 2831 498 2913 absolutam?⁴
547 2835 588 2891 Et
617 2834 770 2893 mehercle
802 2845 872 2910 post
894 2855 920 2896 v.
939 2836 998 2911 789
1021 2836 1093 2894 nihil
1113 2839 1184 2895 novi
1207 2841 1294 2898 affert

196 2936 344 2994 Hercules
371 2937 428 2993 nisi
451 2953 543 2993 unam
555 2935 728 3012 Cypridem‚
751 2955 831 3011 quae
853 2937 892 2994 ab
914 2946 1020 2995 nostro
1042 2938 1111 2995 loco
1133 2940 1224 3014 plane
1240 2943 1293 2999 ab·

197 3036 307 3096 horret.
333 3038 474 3112 Apparet
495 3045 656 3112 praeterea
676 3024 810 3112 poetam]
839 3039 864 3095 si
887 3039 1011 3095 omnino
1036 3041 1147 3096 amoris
1170 3058 1293 3116 expres·

196 3139 237 3197 sis
260 3140 358 3196 verbis
385 3139 573 3196 mentionem
596 3138 698 3197 facere
729 3140 885 3208 voluisset,
909 3139 1071 3216 Cypridem
1094 3149 1166 3199 ante
1189 3160 1215 3202 v.
1233 3142 1291 3217 787

197 3239 292 3296 fuisse
326 3249 642 3300 commemoraturum.
687 3240 836 3297 Hercules
871 3250 974 3298 autem
1008 3250 1126 3299 tantum
1149 3242 1238 3300 abest
1261 3253 1293 3301 ut

198 3340 333 3415 singulas
353 3341 537 3415 voluptates,
561 3359 641 3415 quae
664 3342 746 3398 diem
761 3342 957 3416 carpentibus
975 3350 1098 3416 praesto
1118 3350 1198 3411 sunt,
1220 3332 1294 3400 enu-

195 3447 302 3510 meret,
327 3448 360 3497 ut
384 3449 547 3498 contentus
568 3443 608 3499 sit
629 3443 766 3516 generali
792 3452 958 3518 praecepto
981 3440 1020 3517 (v.
1042 3438 1115 3519 788)
1139 3438 1293 3518 εὔφραινε

198 3537 333 3601 σαιιτόν.
368 3542 480 3600 Adicit
503 3543 627 3618 quidem
642 3542 721 3617 πῖνε,
744 3562 807 3600 non
825 3544 895 3618 quia
916 3541 954 3603 τὸ
972 3539 1075 3604 πίνειν
1096 3546 1294 3620 praecipuum

198 3642 256 3703 τοῦ
280 3638 514 3718 εὐφραίνεσθαι
543 3661 641 3717 genus
675 3652 732 3712 est,
765 3644 823 3701 sed
855 3644 926 3717 quia
956 3644 1021 3718 ipse
1043 3644 1192 3701 Hercules
1225 3663 1294 3702 cum

196 3745 327 3802 maxime
358 3744 511 3818 potationi
543 3745 697 3804 incumbit.
742 3744 805 3801 Sed
833 3753 867 3801 ut
900 3745 941 3801 de
975 3745 1110 3801 versibus
1135 3745 1218 3818 ipsis,
1241 3746 1294 3820 qui

198 3843 335 3918 Cypridis
366 3844 489 3901 laudem
518 3845 686 3913 continent,
709 3862 810 3919 pauca
834 3845 1036 3920 disputemus,
1059 3845 1199 3918 displicet
1220 3845 1293 3902 mihi

197 3944 275 4003 haec
308 3947 384 4003 dura
417 3946 634 4002 vocabulorum
666 3947 841 4003 collocatio:
881 3943 940 4020 τὴν
972 3945 1125 4006 πλεῖστον
1157 3941 1292 4020 ἡδίστην

197 4045 282 4107 θεῶν
299 4042 416 4121 Κύπριν
433 4045 606 4122 βροτοῖσιν,
630 4064 708 4120 quae
725 4048 881 4104 molestior
899 4048 988 4103 reddi
1002 4054 1146 4122 nequeat.
1169 4045 1292 4103 Deinde

195 4147 331 4221 lepidum
352 4147 428 4203 illud
452 4155 674 4221 argumentum,
698 4149 782 4221 quod
804 4148 884 4204 inest
905 4148 936 4204 in
958 4148 1054 4204 altero
1076 4164 1178 4204 versu:
1202 4143 1291 4221 εὐμε-

199 4244 258 4323 νὴς
280 4244 342 4324 γὰρ
364 4243 383 4323 ἡ
407 4243 492 4324 θεός,
514 4256 646 4306 nonest
674 4257 896 4326 argumentum,
925 4250 981 4308 sed
1003 4266 1034 4306 re
1056 4266 1126 4306 vera
1149 4248 1290 4325 repetitio
