2992 4920
754 408 787 453 60

221 583 325 642 fabula
339 577 398 655 τὰς
414 576 514 656 θύρας
537 575 583 655 ὡς
605 575 765 656 τράπεζαν
788 575 853 654 θεὶς
876 575 968 654 ἤσθιέ
984 597 1018 640 τε
1035 576 1087 639 καὶ
1105 576 1212 641 ἔπινεν
1229 576 1317 659 ᾄδων

220 680 352 761 (Proleg.
376 684 416 739 de
438 701 516 742 com.
539 683 569 740 in
592 682 749 739 Duebneri
773 683 867 739 schol.
883 681 1038 757 Aristoph.
1062 701 1090 758 p.
1108 678 1204 759 XIX).
1228 683 1318 740 Prae·

204 793 307 842 terea
320 783 403 840 -id
426 784 511 858 quod
527 784 664 841 notabile
686 791 734 840 est
744 814 785 823 -
796 783 946 841 Hercules
970 784 1001 840 in
1023 784 1083 840 hoc
1105 785 1244 842 dramate
1268 785 1320 859 Sy·

221 886 303 943 leum
332 885 501 953 admonuit,
534 893 569 941 ut
602 902 707 941 secum
738 883 866 954 biberet,
900 887 935 940 ut
967 884 1105 942 videmus
1138 903 1176 941 ex
1200 885 1234 944 lr.
1257 885 1316 959 692

223 984 343 1059 κλίθητι
373 982 424 1045 καὶ
456 982 586 1060 πίωμεν.
630 986 740 1060 Neque
762 985 869 1042 Venus
899 985 997 1043 defuit
1018 987 1049 1042 in
1070 987 1129 1044 hac
1151 986 1264 1055 fabula,
1287 994 1320 1043 ut

224 1088 326 1145 elucet
349 1105 386 1143 ex
409 1088 442 1146 fr.
459 1086 534 1161 695:
567 1086 735 1162 βαυβῶμεν
770 1081 989 1160 εἰσελθόντες·
1023 1082 1202 1162 ἀπόμορξαι
1224 1085 1321 1148 σέθεν

222 1185 261 1248 τὰ
285 1184 416 1263 δάκρυα,
440 1188 519 1262 quae
543 1188 635 1245 verba
658 1187 820 1262 explicavit
840 1187 1036 1257 Matthiaeus
1071 1207 1163 1263 quem
1185 1190 1321 1263 sequitur

223 1289 326 1346 Fixius
346 1285 417 1366 (vol.
432 1289 461 1345 ΙΙ
475 1309 505 1364 p.
522 1287 591 1363 786,
608 1289 645 1348 cl.
659 1287 840 1346 Valckenari
852 1288 948 1348 Diatr.
964 1308 994 1363 p.
1009 1285 1197 1365 204-205).
1219 1290 1321 1346 Etiam

226 1391 289 1449 Alc.
312 1409 337 1449 v.
359 1388 530 1463 183-184,
564 1391 588 1446 si
610 1390 734 1463 quidem
763 1408 831 1446 cum
855 1389 1014 1447 Wheelero
1038 1386 1080 1465 (p.
1096 1386 1148 1466 28)
1172 1408 1209 1446 ex
1232 1390 1321 1447 Alce-

224 1491 304 1548 stide
338 1490 510 1565 expellendi
544 1498 623 1558 sunt,
659 1508 697 1546 ex
728 1491 777 1547 illa
812 1491 914 1548 fabula
948 1500 978 1547 et
1012 1509 1050 1547 ex
1081 1493 1193 1548 eodem
1221 1509 1321 1548 rerum

226 1608 354 1663 conexu,
380 1590 431 1664 qui
455 1599 582 1664 apparet
605 1591 635 1646 in
659 1591 692 1649 lr.
708 1590 779 1664 695,
801 1592 914 1666 sumpti
946 1609 1015 1648 esse
1046 1601 1184 1667 possunt.
1230 1590 1321 1648 Certe

226 1691 256 1746 hi
278 1709 382 1748 versus
405 1691 505 1765 Syle0,
528 1699 561 1747 ut
583 1690 686 1748 fabula
709 1709 778 1748 vere
797 1693 927 1766 satyrica
950 1701 982 1748 et
1003 1694 1124 1760 lasciva,
1152 1692 1322 1767 dignissimi

227 1799 312 1848 sunt:
349 1809 534 1866 quamquam
567 1791 652 1848 baud
681 1791 788 1866 ignoro
812 1793 905 1850 etiam
927 1794 958 1850 in
980 1794 1136 1851 Alcestide
1159 1793 1321 1849 nonnullas

229 1891 355 1948 inveniri
371 1891 522 1948 dictiones
538 1891 743 1965 petulantiore
760 1891 862 1949 fabula
875 1912 938 1950 non
953 1894 1105 1968 indignas,
1122 1895 1200 1950 utin
1218 1914 1245 1953 v.
1263 1893 1322 1968 760

227 1987 343 2064 ἄμουσ’
366 1989 520 2053 ὑλακτῶν.
547 1991 648 2062 Quam
672 1991 856 2049 locutionem
880 1995 973 2071 etiam
988 1996 1019 2051 in
1034 1995 1121 2070 Syleo
1145 1995 1322 2051 adhibuisse

228 2093 404 2168 Euripidem
426 2096 487 2152 iam
508 2093 662 2150 Meinekio
684 2094 842 2168 probabile
867 2096 930 2164 luit,
955 2096 992 2155 cf.
1017 2097 1050 2156 fr.
1075 2097 1132 2153 ine.
1156 2095 1226 2169 899.

660 3001 898 3076 Corrigenda

429 3168 453 3216 p.
477 3164 508 3199 10
526 3169 549 3201 v.
571 3153 586 3200 6
624 3152 684 3213 lege
704 3150 840 3213 μέλλομεν
886 3147 934 3215 pro
954 3149 1087 3212 θέλλομεν

428 3256 453 3304 p.
477 3251 507 3287 12
527 3257 551 3290 v.
572 3251 605 3301 30
624 3240 684 3301 lege
703 3238 792 3289 τοῖσδ’
886 3255 933 3303 pro
953 3241 1012 3298 τοῖς
1031 3235 1054 3287 δ’

430 3345 455 3392 p.
479 3340 509 3390 13
529 3340 587 3390 v.7
624 3328 684 3390 lege
703 3326 791 3378 τοῖσδ’
886 3343 933 3391 pro
952 3330 1011 3386 τοῖς
1030 3323 1054 3375 δ’

431 3433 455 3481 p.
479 3429 509 3477 14
529 3433 552 3466 v.
575 3417 589 3464 8
626 3423 688 3480 post
705 3415 870 3478 gravioribus
892 3415 970 3464 inser.
990 3413 1190 3462 offensionibus.
