2992 4920
733 317 766 354 10

199 490 232 538 ut
255 499 359 538 versus
382 477 533 556 (80-81)
568 481 651 555 ipsos
685 482 924 549 consideremus,
959 500 1062 538 nonne
1093 483 1182 557 plane
1212 481 1294 538 idem

200 583 368 650 continent,
392 584 476 657 quod
510 583 540 639 in
571 583 712 639 extremis
734 582 880 656 Megarae
903 583 1040 640 versibus
1063 591 1146 640 recto
1169 583 1238 640 loco
1263 591 1294 639 et

198 683 360 759 perspicue
380 684 531 758 expressit
545 692 641 758 poeta
656 683 701 740 his
717 684 831 741 verbis:
854 679 908 758 (85
918 676 1008 759 -8ol
1022 677 1120 756 ἥντιν’
1138 679 1198 744 οὖν
1213 680 1295 755 γνώ-

200 803 261 859 μην
287 780 380 860 ἔχεις,
406 773 480 857 ’λέγ’
503 781 538 858 ἐς
562 781 600 844 τὸ
622 780 762 853 κοινόνΡ,
785 784 827 843 Et
859 785 934 859 quid
969 785 1171 853 desiderares,
1207 785 1231 842 si
1265 784 1295 841 in

199 887 308 944 codice
330 894 435 943 nostro
457 887 589 960 legeres:
656 912 731 968 W

281 1007 308 1046 v.
325 1002 364 1062 70
387 983 450 1059 ἐγὼ
474 985 510 1047 δέ
533 984 648 1047 καὶσὺ
666 968 829 1085 βέλλομεν
852 987 1011 1068 θνῄσκειν,
1034 985 1141 1065 γέρον,

386 1082 417 1147 οἵ
438 1081 465 1146 θ’
489 1083 668 1162 Ἡράκλειοι
689 1088 811 1163 παῖδες,
835 1084 893 1162 οὕς
916 1083 979 1148 ὑπὸ
1001 1087 1130 1162 πτεροῖς

385 1186 482 1268 σῴζω
504 1186 668 1263 νεοσσοὺς
690 1184 779 1264 ὄρνις
802 1185 848 1263 ὣς
870 1184 1035 1264 ὑφειμένη,

281 1307 308 1346 v.
321 1286 359 1344 82
384 1283 430 1361 ὡς
452 1284 527 1348 οὔτε
550 1285 643 1363 γαίας
666 1285 725 1364 ὅρι’
748 1286 788 1351 ἂν
812 1286 959 1365 ἐκβαῖμεν
982 1284 1085 1367 λάθρᾳ
1107 1306 1133 1348 κ.
1149 1306 1174 1348 τ.
1190 1287 1216 1347 λ.

297 1387 360 1444 Sed
380 1389 591 1462 gravissimum
613 1390 716 1446 vitium
740 1391 814 1447 latet
829 1391 860 1446 in
883 1390 976 1446 verbo
1000 1385 1195 1468 ἐξευμαρίζῃ.
1219 1389 1289 1446 Mit-

198 1488 287 1545 timus
310 1490 391 1546 enim
406 1509 433 1547 ν.
450 1489 499 1559 80,
522 1490 574 1546 ubi
596 1491 740 1548 traditam
762 1491 925 1548 lectionem
947 1487 966 1565 ἢ
984 1487 1085 1551 πέδον
1100 1491 1160 1546 iam
1175 1491 1294 1546 dudum

198 1592 364 1647 emendare
397 1592 581 1648 studuerunt
602 1591 654 1648 viri
685 1593 779 1652 docti.
829 1591 938 1668 Neque
961 1592 1042 1649 enim
1065 1592 1161 1648 ausim
1183 1591 1294 1648 diiudi-

199 1709 278 1759 care,
302 1709 488 1766 quamquam
509 1692 581 1749 mihi
604 1693 701 1786 magis
722 1694 823 1768 placet
845 1693 1010 1766 Musgravii
1032 1688 1051 1766 ἢ
1073 1686 1178 1766 πόρον
1201 1710 1293 1767 quam

199 1791 322 1849 Canteri
344 1787 491 1868 ἔμπεδον,
524 1801 592 1850 utra
622 1793 799 1850 coniectura
819 1811 890 1849 vera
912 1793 951 1850 sit
973 1792 1186 1852 existimanda.
1231 1794 1294 1850 Sed

199 1893 350 1968 quidquid
371 1893 545 1968 putabimus
569 1895 609 1951 de
631 1895 757 1969 pristina
779 1914 805 1953 ν.
822 1893 862 1950 80
885 1893 990 1962 forma,
1017 1893 1101 1950 nullo
1123 1895 1218 1951 modo
1239 1895 1294 1951 de·

201 1994 328 2051 fendere
350 1997 517 2070 poterimus
540 1997 683 2055 traditam
706 1998 789 2053 verbi
810 1991 1024 2069 ἐξευμαμίξειν
1045 1990 1127 2068 (nam
1143 1994 1295 2052 deforma

134 2095 140 2108 ⁸
199 2097 302 2153 media
339 2092 525 2174 taceamusl)
562 2116 631 2155 cum
667 2099 858 2155 substantivo
893 2092 1006 2156 ἐλπίδα
1037 2096 1293 2154 coniunctionem.

200 2195 279 2254 Nam
306 2197 338 2254 in
368 2196 428 2254 hoc
461 2199 678 2256 vocabulorum
711 2217 830 2256 conexu
866 2193 1079 2271 ἐξευμαρίξειν
1105 2196 1178 2253 nihil
1212 2196 1295 2253 aliud

200 2297 369 2373 significare
392 2300 486 2357 debet
520 2318 612 2375 quam
640 2296 842 2374 ἐξευρίσκειν.
887 2298 982 2370 Quod
1004 2298 1064 2354 iam
1087 2298 1204 2354 dudum
1225 2315 1293 2353 sen·

200 2407 306 2456 serunt
326 2400 517 2475 interpretes,
540 2401 591 2476 qui
614 2403 693 2459 duos
716 2401 800 2457 locos
823 2418 861 2456 ex
885 2398 1018 2474 Iosepho
1041 2398 1219 2465 attulerunt,
1241 2397 1293 2453 ubi

196 2500 366 2557 invenimus
387 2496 492 2576 πόρον
514 2498 676 2581 σωτηρίας
699 2497 850 2576 εὑρέσθαι
873 2495 924 2579 (cl.
941 2501 1015 2558 edit.
1033 2500 1159 2557 Barnes.
1178 2498 1235 2557 vol.
1251 2497 1293 2554 ΠΙ

196 2618 226 2675 p.
243 2597 328 2676 595).
359 2601 523 2659 Praeterea
544 2602 698 2660 Meklerus
720 2604 751 2659 in
773 2596 976 2676 ‘Euripideis'
997 2601 1059 2658 suis
1081 2595 1124 2676 (p.
1140 2595 1192 2676 52)
1217 2616 1291 2655 non-

197 2701 298 2758 nullos
321 2720 425 2759 versus
441 2703 624 2778 Euripideos
648 2703 780 2776 collegit,
804 2702 855 2758 ubi
878 2703 989 2758 eadem
1009 2702 1055 2758 vel
1079 2700 1181 2758 similis
1197 2698 1292 2756 dictio

198 2801 368 2863 adhibetur.
393 2804 456 2861 Sed
478 2804 560 2860 idem
583 2802 737 2860 Melrlerus
760 2803 949 2878 periculosae
973 2803 1098 2877 plenum
1113 2819 1192 2878 opus
1208 2801 1294 2858 aleae

200 2904 344 2978 suscepit,
380 2906 454 2961 dum
486 2922 598 2961 novum
627 2921 746 2960 versum
777 2903 916 2978 Euripidi
946 2903 1106 2961 intrudens
1128 2902 1295 2977 genuinam

196 3004 293 3060 nostri
314 3005 372 3061 loci
395 3004 523 3062 formam
546 3005 626 3061 hanc
648 3004 712 3061 fere
736 3004 829 3062 fuisse
852 3012 987 3061 censetz·

365 3105 424 3166 νῦν
444 3100 503 3165 οὖν
525 3100 582 3166 τίν’
607 3100 706 3165 ἐλπίδ’
730 3102 749 3179 ἢ
771 3100 876 3179 πόρον
898 3099 1061 3178 σωτηρίας

363 3203 503 3281 ἐξεῦ[ρες
526 3202 607 3281 ἡμῖν,
629 3203 648 3285 ᾗ
671 3202 770 3280 τύχην
793 3198 954 3280 δυναίμεθ’
979 3201 1019 3264 ἂν

365 3303 599 3382 ἐξευλμαρίζειν,
620 3304 762 3382 πρέσβυ;
784 3303 866 3381 πρὸς
888 3303 928 3366 σέ
950 3302 1012 3379 γὰρ
1036 3302 1151 3380 βλέπω.

197 3406 296 3464 Nimia
328 3407 479 3465 mehercle
510 3426 583 3465 usus
613 3416 696 3466 esset
727 3408 914 3483 loquacitate
946 3413 1050 3482 poeta,
1080 3407 1105 3462 si
1136 3408 1293 3465 notiones:

197 3503 310 3567 ἐλπίδα
332 3517 364 3565 et
386 3552 392 3566 .
407 3505 609 3584 ..σωτηρίας
625 3509 678 3566 tali
693 3527 782 3566 versu
798 3510 890 3585 plane
905 3525 1095 3583 supervacuo
1110 3508 1293 3581 repetiisset.

198 3606 357 3665 Sufficeret
379 3617 483 3666 autem
505 3611 547 3666 ita
570 3610 650 3667 hunc
665 3612 766 3668 locum
781 3611 958 3677 emendare,
982 3617 1015 3665 ut
1029 3624 1085 3682 pro
1107 3604 1291 3690 ἐξευμαρίζῃ

199 3707 401 3764 scriberemus
424 3705 552 3784 ἐξεῦρες
575 3706 656 3785 ἡμῖν,
679 3711 736 3767 nisi
759 3710 818 3768 hoc
841 3710 950 3766 falsum
972 3709 1097 3765 verbum
1122 3711 1210 3783 quasi
1232 3719 1293 3768 tes·

198 3825 266 3865 sera
288 3817 380 3877 esset,
404 3810 488 3866 cuius
524 3811 634 3867 auxilio
668 3811 806 3869 falsarius
839 3810 1007 3886 patefieret.
1053 3811 1190 3885 Apparet
1213 3812 1295 3869 enim

196 3909 445 3983 interpolatorem
481 3910 536 3967 has
574 3912 651 3968 duas
686 3912 852 3970 dictiones:
891 3907 1004 3971 ἐλπίδα
1037 3904 1231 3982 ἐξευρίσκειν
1262 3916 1293 3965 et

196 4008 371 4085 συμφορὰν
393 4007 607 4085 ἐξευμαρίζων
630 4013 859 4070 commiscuisse
882 4020 913 4068 et
934 4012 978 4068 ita
999 4009 1238 4076 contaminasse,
1261 4017 1295 4064 ut

197 4128 236 4166 ea
258 4112 312 4179 vis,
337 4130 416 4187 quae
442 4113 471 4168 in
493 4112 644 4169 adieetivo
668 4109 809 4188 εὐμαρὴς
831 4115 915 4181 latet,
943 4112 1068 4169 omnino
1091 4117 1296 4167 evanesceret.

198 4211 357 4277 Praevalet
379 4221 482 4278 autem
515 4212 603 4280 huius
627 4215 768 4279 adiectivi
792 4213 973 4300 significatio
995 4213 1026 4280 in
1047 4212 1139 4268 verbo
1162 4207 1292 4291 ἐξευμα-
