2992 4920
732 399 762 453 Ῑ5

195 567 336 624 accidere
357 566 507 633 videatur,
526 572 559 622 ut
582 564 674 639 spurii
695 579 800 620 versus
822 569 908 620 recto
931 570 962 619 et
984 562 1076 638 pleno
1098 579 1292 620 numerorum

196 668 303 724 ordine
337 661 510 737 careantll.
556 664 618 722 Sed
653 663 773 720 etiamsi
808 663 928 737 integer
958 671 1092 721 exstaret
1126 679 1229 738 1149
1263 664 1294 720 in

201 767 277 824 libro
299 768 508 826 Laurentiano
530 762 615 839 (uam
630 765 825 821 Florentinus
847 763 897 819 ille
913 762 1075 831 Schenklii,
1096 765 1146 839 qui
1167 765 1295 839 praebet
1314 742 1345 861 ἕξ

198 862 285 927 τέκοι
307 865 384 928 νέον
406 862 516 939 γόνον,
540 865 664 922 omnino
689 863 900 938 neglegendus
923 857 995 942 est),
1023 871 1128 922 tamen
1149 881 1212 920 non
1234 863 1317 920 suf-¹

198 967 324 1024 licerent
345 968 375 1024 hi
397 968 460 1025 duo
484 983 588 1024 versus
608 963 770 1039 148-149
791 965 832 1020 ad
856 972 953 1022 totam
975 965 1069 1021 divini
1086 965 1226 1022 Herculis
1242 983 1295 1041 ge·

197 1068 278 1124 neris
310 1067 550 1124 ludificationem
584 1066 818 1124 absolvendam:
850 1065 935 1139 quod
965 1065 1118 1138 sagaciter
1148 1064 1296 1122 intellexit

200 1165 267 1227 Wil.
291 1165 498 1237 Quamobrem
520 1184 583 1223 non
604 1166 726 1223 desinet
749 1165 805 1222 sub
824 1165 927 1221 iudice
950 1181 1020 1221 esse
1042 1165 1077 1221 lis
1100 1165 1140 1221 de
1162 1165 1296 1238 genuina

200 1285 227 1324 v.
248 1283 305 1341 149
328 1267 425 1326 forma
448 1269 508 1326 iam
528 1269 646 1326 dudum
668 1276 745 1327 acta.
765 1299 801 1310 -
818 1269 975 1327 Restituto
998 1278 1102 1328 autem
1120 1269 1295 1327 necessario

200 1374 330 1442 artoque
353 1387 483 1438 conexu,
509 1371 560 1446 qui
579 1371 737 1445 coniungit
754 1389 781 1430 v.
801 1385 857 1446 147
881 1389 951 1428 cum
973 1390 1000 1430 v.
1022 1386 1090 1445 151,
1112 1388 1193 1428 nova
1207 1371 1295 1428 nobis

201 1470 331 1527 occurrit
353 1470 516 1529 difficultas
536 1472 566 1528 in
589 1491 615 1531 v.
635 1487 702 1547 157,
725 1472 777 1528 ubi
798 1472 957 1529 relativum
978 1466 1017 1546 ὅς
1038 1472 1212 1530 nonhabet
1235 1489 1296 1547 quo

200 1569 266 1626 sine
282 1570 453 1628 offensione
468 1570 625 1631 referatur.
651 1573 787 1647 Fiugunt
802 1573 927 1647 quidem
947 1574 1129 1648 interpretes
1145 1590 1297 1630 conexum

201 1671 357 1745 quendam
378 1689 449 1729 esse
471 1672 550 1729 inter
571 1667 609 1745 ὅς
632 1680 663 1729 11
685 1690 806 1731 versum
833 1673 899 1747 156,
933 1691 1025 1749 quem
1044 1691 1102 1731 nos
1126 1690 1195 1731 cum
1216 1673 1295 1730 Her-

190 1771 345 1827 'werdeno
370 1772 590 1841 damnavimus,
611 1772 685 1830 dum
706 1773 860 1847 explicant
882 1791 952 1830 cum
966 1772 1149 1834 Wecklinio:
1174 1768 1228 1847 “ὅς
1249 1791 1296 1830 re·

202 1868 363 1929 ferendum
385 1873 426 1930 ad
441 1868 608 1948 Ἡρακλῆς,
631 1874 716 1948 quod
739 1893 757 1930 e
780 1891 855 1931 voce
874 1870 1069 1948 Ηρακλείους
1090 1868 1296 1934 eliciendum’.

200 1969 275 2027 Mihi
299 1981 402 2030 autem
424 1992 494 2031 cum
516 1973 688 2044 Schenklio,
712 1975 763 2049 qui
786 1993 812 2034 v.
830 1978 888 2049 157
922 1976 1009 2050 ponit
1035 1983 1106 2050 post
1128 1994 1154 2033 ν.
1174 1990 1242 2048 150,
1264 1983 1296 2032 11

201 2090 270 2129 cum
294 2072 369 2143 Wil.‚
394 2077 445 2150 qui
467 2077 609 2133 lacunam
630 2084 702 2133 ante
725 2095 750 2135 v.
773 2091 827 2151 157
847 2078 962 2144 statuit,
985 2076 1062 2134 haec
1078 2078 1209 2134 violenta
1225 2095 1295 2151 sup·

200 2173 305 2246 plendi
337 2176 415 2233 ratio
449 2176 552 2234 durior
584 2177 704 2233 videtur
736 2194 826 2251 quam
854 2194 935 2251 quae
957 2177 1104 2251 Euripide
1127 2179 1165 2234 sit
1191 2177 1295 2250 digna.

200 2271 382 2351 Vbicunque
415 2278 497 2334 enim
519 2296 558 2334 ex
581 2279 733 2335 adiectivo
764 2277 978 2353 praecedentis
1010 2277 1160 2334 enuntiati
1181 2294 1296 2334 nomen

202 2375 424 2434 substantivum
448 2379 574 2448 elicitur,
597 2381 639 2436 ad
661 2380 745 2455 quod
761 2397 874 2436 novum
896 2380 1088 2436 enuntiatum
1109 2372 1295 2453 pronominis

201 2475 321 2533 vinculo
355 2495 390 2535 se
423 2480 564 2554 applicet,
599 2480 668 2537 huic
698 2480 871 2555 pronomini
901 2487 1020 2536 tantum
1043 2479 1166 2553 pondus
1193 2479 1295 2536 inesse

201 2576 305 2646 debet,
332 2587 364 2637 ut
386 2589 511 2654 propter
542 2581 623 2638 hanc
655 2581 752 2656 ipsam
774 2580 961 2655 pronominis
984 2580 1044 2636 vim
1063 2580 1294 2657 substantivum,

201 2679 286 2751 quod
309 2681 408 2750 deest,
431 2682 531 2738 minus
554 2683 756 2741 desideretur.
777 2682 824 2739 lta
839 2699 887 2739 res
904 2699 937 2738 se
953 2681 1047 2739 habet
1063 2682 1093 2737 in
1108 2679 1187 2737 Hec.
1204 2698 1230 2737 v.
1246 2694 1294 2752 25,

125 2809 129 2815 ,
200 2776 252 2833 ubi
275 2774 374 2853 αὐτὸς
397 2789 429 2837 11
451 2783 481 2838 in
504 2782 595 2856 Soph.
621 2783 732 2841 Trach.
750 2801 777 2843 v.
796 2782 856 2839 260
887 2783 939 2838 ubi
966 2777 1062 2842 τόνδε
1091 2780 1255 2838 adhibetur
1277 2798 1296 2836 a

199 2887 303 2952 poeta.
347 2881 439 2938 Adde
455 2882 546 2941 Herc.
571 2902 596 2940 v.
615 2883 685 2956 263,
708 2885 760 2940 ubi
782 2881 904 2956 ἐκεῖνος
919 2882 1083 2940 habemus:
1108 2882 1165 2938 sed
1180 2882 1220 2937 de
1235 2880 1296 2938 hoc

303 3061 328 3130 1)
349 3063 400 3112 Ad·
413 3081 437 3114 v.
456 3078 505 3126 149
530 3067 563 3116 cf.
582 3067 655 3118 Med.
666 3083 689 3117 v.
705 3079 755 3128 234
780 3068 881 3130 λαβεῖν·
906 3068 994 3116 κακοί)
1018 3062 1072 3129 γὰρ
1096 3061 1174 3115 τοῦτ’
1199 3063 1296 3126 ἄλγιον

201 3149 296 3215 κακόν,
315 3167 394 3216 quem
412 3154 448 3203 R.
461 3153 548 3212 Prior,
569 3162 595 3204 et
613 3156 671 3206 Ion.
690 3171 714 3206 ν,
731 3155 781 3216 632
801 3153 843 3218 εἴη
863 3154 888 3216 γ’
908 3153 968 3217 ἐμοὶ
988 3150 1085 3216 μέτρια
1104 3151 1141 3215 μὴ
1160 3150 1296 3215 λυπουμέ-

199 3253 249 3305 νῳ,
269 3255 347 3304 quem
366 3241 432 3290 Wil.
452 3243 486 3304 A.
506 3259 532 3308 p.
545 3243 596 3292 208
615 3243 722 3293 delevit.
757 3243 840 3291 Addo
860 3257 892 3290 ex
910 3241 1027 3290 Hercule
1045 3254 1070 3292 ν.
1086 3237 1295 3304 1151-1152ἢ

201 3325 291 3392 σάρκα
301 3327 354 3392 τήν
375 3328 444 3394 ἐμὴν
459 3329 603 3397 ἐμπρήσας
616 3332 682 3397 πυρὶ
696 3330 851 3395 δύσκλειαν,
870 3329 888 3394 ἣ
908 3329 984 3393 μένει
1002 3325 1038 3393 μ’,
1057 3327 1206 3391 ἀπώσομαι
1227 3324 1295 3391 βίου,

200 3431 311 3480 quorum
335 3418 446 3482 primum
472 3420 566 3469 frustra
585 3421 725 3470 emendare
744 3421 851 3469 student
868 3419 917 3467 viri
937 3417 1018 3468 docti,
1054 3416 1104 3464 Est
1126 3422 1212 3464 autem
1230 3415 1296 3464 haec

200 3503 371 3570 interpolatio
394 3522 426 3554 ex
445 3523 533 3556 earum
555 3508 652 3573 specie,
682 3524 749 3572 quae
774 3508 807 3556 ab
826 3507 843 3570 ἢ
863 3505 992 3572 particula
1017 3502 1154 3568 incipiant:
1184 3519 1296 3568 quorum

201 3592 264 3642 satis
283 3609 406 3656 magnum
425 3611 560 3645 numerum
579 3597 689 3658 collegit
707 3596 774 3646 Wil.
794 3597 830 3645 ib.
849 3611 875 3660 p.
891 3605 939 3658 205
952 3610 990 3659 sq.
1028 3592 1082 3642 Sed
1102 3592 1224 3640 ridentur
1243 3607 1296 3640 ma-

200 3692 278 3730 nasse
291 3699 315 3733 v.
329 3695 501 3749 1151—1152
516 3700 548 3732 ex
562 3684 735 3733 adnotatione
755 3684 867 3748 quadam
886 3681 1075 3747 mythologica,
1094 3680 1169 3729 cuius
1184 3681 1296 3744 scriptor

202 3769 251 3819 luit
269 3769 349 3819 homo
375 3786 427 3820 non
451 3772 583 3838 indoctus,
610 3772 708 3837 quippe
728 3773 773 3836 qui
796 3786 872 3833 aegre
892 3770 1055 3818 desideraret
1074 3768 1125 3816 hoc
1145 3768 1206 3817 loco
1225 3782 1296 3816 men-

201 3857 301 3907 tionem
321 3860 377 3907 eius
400 3861 501 3926 mortis,
521 3876 599 3926 quam
622 3867 716 3925 postea
734 3860 865 3908 Hercules
889 3858 916 3906 in
938 3859 1005 3906 Oeta
1022 3863 1112 3904 monte
1133 3871 1227 3921 passus
1247 3861 1295 3906 est.

200 3937 342 3996 Praeterea
361 3949 473 3997 sortasse
492 3949 597 3998 adiutus
615 3954 655 3997 est
668 3955 759 3997 auctor
771 3962 894 3996 versuum
914 3947 946 3994 ab
966 3946 1026 4010 ipso
1036 3944 1173 4010 Euripide.
1192 3944 1295 4008 Operae

200 4033 268 4083 enim
287 4036 400 4099 pretium
420 4044 460 4086 est
479 4053 537 4086 cum
557 4043 647 4085 nostro
666 4036 728 4085 loco
748 4050 899 4100 comparare
913 4033 998 4083 Andr.
1011 4049 1036 4083 ν.
1048 4030 1201 4096 847—850:
1221 4029 1295 4095 οἴμοι

122 4116 125 4120 ’
199 4121 318 4186 πότμου.
337 4127 394 4175 ποῠ
405 4139 451 4187 μοι
464 4124 553 4191 πυρὸς
564 4122 632 4190 φίλα
644 4124 727 4189 φλόξ,
739 4127 795 4175 ποθ
810 4120 833 4174 δ’
848 4121 887 4185 εἰς
900 4122 1006 4188 πέτρας
1019 4119 1150 4186 deperiri]
1165 4119 1208 4187 (ex
1221 4119 1295 4168 Seid-

200 4208 250 4258 leri
270 4211 431 4279 coniectura)
450 4212 522 4265 κατὰ
540 4212 647 4264 πόντον
665 4211 683 4276 ἢ
704 4210 766 4263 καθ’
786 4211 856 4263 ὕλαν
875 4209 974 4276 ὀρέων,
992 4207 1039 4260 ἵνα
1059 4211 1186 4260 θανοῦσα
1204 4205 1295 4273 νερτὲ·

198 4310 288 4362 ροισιν
307 4298 394 4363 μὲλω;
