2992 4920
716 370 750 426 43

185 534 308 610 ponitur
331 543 394 604 aut,
421 535 447 593 si
474 552 564 593 casus
592 536 725 606 additur,
746 537 981 612 praepositionis
1005 538 1188 596 adminiculo
1211 548 1282 614 eget

182 629 236 715 (cf.
252 636 348 695 Andr.
367 635 416 711 89.
436 637 500 712 lph.
517 637 553 694 A.
570 653 641 711 429.
665 637 742 694 Xen.
755 638 892 713 Sympos.
906 638 935 707 8,
949 638 998 712 38.
1022 637 1132 715 Cyrop.
1145 639 1197 706 VI,
1215 657 1240 708 1,
1254 655 1281 713 5.

182 736 367 796 PlutMarc.
392 753 420 805 2,
437 732 471 810 3)
492 745 624 812 excepto
646 739 790 812 genetivo
817 739 957 814 partitivo
980 741 1031 814 qui
1054 741 1172 801 dicitur.
1195 741 1281 798 Idem

182 838 244 894 fere
267 839 347 895 valet
374 839 414 895 de
437 839 589 895 adiectivo
621 834 816 914 ὀνομαστός,
848 842 932 914 quod
963 840 1035 897 mihi
1057 850 1177 916 praeter
1199 840 1281 899 hunc

182 939 283 996 locum
305 939 335 995 in
363 939 508 1013 Euripide
531 957 689 1014 nusquam·
704 942 844 1002 occurrit.
867 941 1031 999 Praeterea
1054 942 1143 998 valde
1167 944 1282 1000 claudi-

181 1047 254 1096 cant
275 1038 352 1096 haec
387 1040 479 1096 verba
500 1034 669 1114 ὀνομαστὰ
690 1036 859 1115 πράσσων,
889 1059 970 1115 quae
992 1042 1161 1100 rationibus
1183 1061 1282 1118 gram·

181 1141 300 1197 maticis
322 1140 472 1199 artissime
493 1150 565 1199 sunt
580 1142 796 1216 coniungenda
812 1158 880 1198 cum
899 1143 1058 1199 enuntiato
1073 1146 1282 1218 praecedente

182 1235 287 1316 ὅσπερ
304 1235 396 1315 ....ἠ
442 1241 571 1298 Gravius
605 1250 709 1298 autem
739 1251 796 1312 est,
830 1243 914 1316 quod
939 1243 1165 1302 Herwerdenus
1197 1252 1281 1302 recte

181 1342 269 1412 vidit,
293 1359 356 1398 non
375 1359 445 1399 esse
467 1343 547 1399 bene
570 1341 723 1400 Graecum
744 1343 831 1399 illum
849 1343 932 1399 verbi
947 1328 1154 1418 ἀφαιρεῖσθαι
1177 1361 1281 1402 usum:

658 1439 709 1502 καί
732 1445 761 1516 μ’
784 1437 927 1525 ἀφείλεθ’
950 1439 969 1516 ἡ
992 1439 1071 1518 τύχη

377 1539 488 1619 ὥσπερ
510 1540 629 1619 πτερὸν
650 1540 732 1619 πρὸς
755 1538 853 1618 αἰθέρ’
876 1539 980 1623 ἡμέρᾳ
1003 1545 1065 1624 μιᾷ.

182 1644 291 1720 Neque
311 1645 392 1702 enim
420 1645 582 1719 Euripides
604 1645 663 1702 hae
684 1645 802 1702 ratione
818 1644 942 1701 verbum
965 1639 1173 1720 ἀφαιρεῖσθαι
1195 1626 1281 1702 ¹adhi-

182 1745 255 1802 bere
278 1747 365 1804 solet.
413 1745 476 1803 Sed
506 1746 631 1803 verbum
654 1745 816 1820 καθαιρεῖν
838 1743 898 1803 hoc
922 1747 1017 1803 modo
1040 1765 1059 1802 a
1080 1754 1174 1820 poeta
1196 1764 1282 1804 usur-

176 1855 281 1926 patur,
304 1855 338 1903 ut
363 1855 493 1922 apparet
514 1866 552 1904 ex
574 1847 667 1906 Herc.
691 1865 717 1903 v.
738 1845 830 1921 1396:
853 1843 1004 1920 καὶτοὺς
1026 1843 1205 1921 σθένοντας
1220 1844 1282 1922 γὰρ

184 1948 394 2023 καθαιροῦσιν
428 1944 529 2023 τύχαι.
561 1957 594 2005 et
626 1966 665 2004 ex
698 1949 815 2022 optimo
837 1948 880 2005 In.
905 1947 939 2006 fr.
962 1963 1033 2020 424,
1052 1962 1144 2020 2—3:
1168 1945 1219 2007 καί
1241 1945 1281 2023 μί’

181 2043 286 2123 ἡμέρα
308 2045 348 2108 τὰ
371 2046 431 2122 μέν
463 2048 609 2109 καθεῖλεν
636 2043 771 2122 ὑψόθεν,
805 2045 845 2108 τὰ
867 2043 894 2108 δ’
917 2041 966 2123 ἦρ’
990 2043 1067 2108 ἄνω.
1110 2048 1181 2105 Hoc
1202 2049 1284 2105 enim

188 2150 340 2218 adscrib0,
364 2150 500 2224 quamvis
522 2148 572 2206 hic
594 2150 634 2205 de
656 2149 757 2218 rebus,
778 2167 841 2205 non
864 2150 903 2205 de
936 2150 1114 2223 „personis“
1139 2149 1282 2206 tollendis

182 2257 299 2323 agatur,
326 2257 360 2305 ut
381 2249 501 2306 eluceat
541 2267 580 2305 ne
613 2249 692 2306 han'c
726 2249 850 2324 quidem
873 2249 1052 2305 dictionem:
1076 2243 1283 2323 &perpetuum

183 2350 230 2405 vel
264 2348 429 2424 καθαιρεῖν
461 2345 544 2424 πρὸς
578 2344 689 2424 αἰθέρα
712 2349 909 2423 Euripideam
939 2365 1018 2407 esse.
1063 2348 1094 2406 Si
1121 2349 1173 2406 tali
1196 2351 1284 2406 addi-

184 2458 321 2507 tamento
346 2451 470 2507 omnino
486 2467 563 2524 opus
576 2457 633 2518 est,
656 2467 779 2524 prorsus
802 2450 953 2506 contraria
975 2448 1155 2523 significatio
1178 2458 1284 2524 postu·

184 2553 271 2619 latur,
295 2559 328 2608 ut
351 2552 424 2608 illud
449 2545 574 2624 ὑψόθεν
596 2551 643 2607 vel
666 2546 700 2624 ἐς
725 2544 835 2610 Ἅιδου
858 2548 994 2625 (Hippoi.
1016 2547 1090 2621 820)
1113 2551 1160 2606 vel
1184 2545 1283 2611 ἀκτὰν

183 2649 266 2727 πρὸς
302 2648 443 2727 ἑσπέρου
477 2651 554 2711 θεοῦ
588 2645 698 2726 (Soph.
721 2649 800 2709 Oed.
824 2652 861 2711 R.
885 2647 966 2726 178).
1011 2650 1088 2707 Nam
1111 2651 1282 2726 Euripides,

184 2753 236 2827 qui
257 2753 336 2810 hanc
360 2753 545 2810 locutionem
577 2746 672 2826 (πρὸς
695 2746 821 2826 αἰθέρα’
855 2760 886 2808 et
914 2751 1026 2808 similes
1054 2752 1096 2807 ita
1127 2750 1222 2808 habet
1252 2752 1284 2809 in

185 2853 314 2922 deliciis,
330 2862 363 2910 ut
377 2854 416 2911 ab
430 2853 634 2927 Aristophane
655 2853 687 2909 in
706 2854 800 2910 risum
815 2854 1058 2926 detorqueantur
1072 2845 1163 2930 (Ran.
1180 2849 1282 2928 1352),

98 3016 102 3027 ,
185 2971 306 3029 semper
332 2954 386 3010 has
410 2954 562 3011 dictiones
585 2954 742 3010 coniunxit
765 2971 834 3010 cum
856 2954 948 3010 verbo
973 2953 1075 3027 aliquo
1098 2953 1222 3008 volandi
1237 2952 1283 3008 vel

184 3054 341 3111 simillimis
364 3054 472 3120 verbis
504 3062 538 3110 ut
561 3049 694 3128 φεύγειν
721 3051 961 3128 (coniunguntur
981 3054 1044 3109 duo
1067 3052 1159 3109 verba
1169 3051 1233 3127 lph.
1246 3052 1283 3110 Τ.

184 3149 342 3229 843-44)
371 3155 417 3210 vel
440 3149 545 3228 ἔρρειν
565 3154 672 3227 (Andr.
694 3146 770 3231 830)
793 3153 840 3210 vel
863 3147 989 3228 οἴχομαι
1012 3148 1094 3228 (Hel.
1121 3147 1213 3227 12¹9)
1237 3151 1283 3207 vel

184 3272 254 3312 cum
276 3255 430 3311 adiectivo
457 3254 604 3329 φροῦδος
627 3254 717 3328 (Hec.
740 3245 910 3331 334-35).
942 3253 1034 3310 Hune
1054 3271 1143 3309 usum
1164 3253 1283 3337 Euripi·

184 3356 279 3412 deum
294 3355 387 3412 etiam
398 3355 589 3413 Wecklinius
605 3355 766 3412 intellexit:
790 3355 846 3411 sed
869 3355 943 3410 dum
965 3350 1124 3427 διέπτατο,
1140 3360 1174 3408 ut
1188 3354 1283 3409 modo

185 3457 327 3525 diximus,
353 3474 370 3512 e
393 3476 419 3515 ν.
438 3471 496 3532 507
531 3457 562 3513 in
591 3464 728 3514 nostrum
760 3472 880 3511 versum
910 3453 1063 3532 transfert,
1084 3453 1219 3528 neglexit
1241 3455 1285 3510 vir

184 3558 381 3615 doctissimus
398 3566 540 3615 nontam
562 3554 768 3619 διαπέτεσθαι
791 3574 881 3631 quam
902 3551 1119 3616 ἀναπέτεσθαι
1140 3549 1224 3628 πρὸς
1239 3550 1285 3614 αἰ-

186 3654 266 3732 θέρα
289 3658 441 3714 sententia
460 3659 556 3714 nostri
578 3659 635 3714 loci
657 3657 812 3732 postulari.
841 3657 926 3713 Bene
948 3665 1052 3714 autem
1069 3659 1176 3733 utique
1198 3658 1285 3716 adhi-

183 3758 273 3814 betur
305 3753 512 3817 διαπέτεσθαι
549 3758 582 3815 in
603 3776 630 3817 v.
647 3772 706 3832 507
737 3759 778 3814 de
808 3766 944 3831 tempore
967 3757 1157 3832 diffugiente,
1181 3767 1215 3816 ut
1236 3777 1283 3817 ex.

182 3876 226 3932 gr.
249 3859 288 3915 de
317 3859 418 3916 anima
435 3859 466 3915 in
482 3858 560 3916 Plat.
578 3858 693 3917 Phaed.
709 3878 738 3934 p.
754 3873 794 3933 70
809 3858 836 3914 A
852 3853 959 3932 ὥςπερ
985 3859 1110 3933 πνεύμα
1125 3855 1144 3933 ἢ
1162 3855 1284 3932 καπνὸς

184 3957 459 4019 διασκεδασθεῖσα
486 3954 610 4032 οἴχηται
633 3954 837 4033 διαπτομένη,
861 3957 898 4016 cf.
921 3958 961 4015 ib.
984 3976 1012 4032 p.
1030 3957 1070 4030 84
1087 3959 1120 4016 B.
1166 3959 1285 4016 Rectis-

186 4059 263 4116 sime
289 4060 379 4134 igitur
400 4068 504 4116 noster
527 4060 613 4117 loeus
636 4076 670 4116 se
697 4057 832 4132 haberet,
855 4059 880 4114 si
902 4075 957 4132 per
979 4075 1012 4114 se
1035 4058 1112 4131 (sine
1134 4055 1216 4133 πρὸς
1239 4054 1285 4117 αἰ-

185 4153 279 4235 θέρα)
309 4159 388 4216 haec
424 4160 538 4234 scripta
565 4167 682 4216 essent:
714 4155 766 4218 καὶ
792 4155 933 4218 διέπταθ’
955 4154 974 4231 ἡ
998 4154 1075 4233 τύχη
1093 4205 1098 4217 .
1115 4205 1121 4216 .
1138 4153 1285 4238 ..ἡμέρᾳ

189 4260 251 4339 μιᾷ.
300 4258 362 4316 Sed
395 4277 475 4318 nova
508 4247 596 4317 nobis
627 4261 762 4317 oboritur
795 4259 957 4316 difficultas
988 4260 1200 4317 additamento
1234 4260 1284 4316 illo
