2992 4920
739 361 772 418 54

206 541 299 602 quem
333 524 491 586 damnavit
522 526 703 584 Wheelerus
736 526 778 601 (p.
795 523 859 602 32),
892 527 1032 594 sentiam,
1064 527 1137 585 mihi
1164 528 1302 586 nondum

208 628 282 686 satis
306 636 422 685 certum
443 637 500 686 est.
544 627 658 703 Vtique
689 629 762 686 utile
785 636 834 685 est
856 646 925 686 cum
947 648 974 688 v.
991 628 1158 704 343-346
1181 648 1304 705 compa·

207 747 273 786 rare
284 728 376 788 Herc.
391 747 417 786 v.
434 727 609 805 673-—677,
632 730 683 804 qui
705 730 737 786 in
753 730 873 787 cantico
894 738 1018 787 exstant
1040 739 1070 787 et
1093 731 1205 789 similes
1228 749 1301 789 con-

207 830 305 888 tinent
328 830 487 890 dictiones.
514 829 628 888 Versus
645 829 810 905 348-356
835 839 960 888 nostrae
982 831 1103 888 fabulae
1124 831 1303 890 Dindorfius

207 933 238 989 in
260 932 511 989 adnotationibus
534 933 596 989 suis
616 933 767 1007 vituperat
784 950 877 990 causa
894 951 957 990 non
973 933 1104 991 adiecta.
1138 931 1213 988 Mihi
1228 951 1304 1007 quo·

206 1050 267 1107 que
296 1033 327 1088 hi
360 1051 471 1090 novem
503 1050 608 1091 versus
640 1051 705 1090 non
739 1034 833 1090 modo
865 1029 993 1108 ψυχρὰν
1015 1029 1129 1108 τέρψιν
1156 1034 1304 1109 praebere

206 1134 359 1211 videntur,
382 1135 439 1189 sed
461 1134 560 1191 etiam¹
583 1135 675 1190 risum
703 1151 826 1190 movere
855 1134 1028 1194 lectoribus.
1072 1134 1192 1191 Tamen
1214 1134 1304 1190 valde

208 1235 379 1291 cavendum
402 1242 459 1303 est,
492 1252 532 1291 ne
563 1235 667 1292 omnia
686 1251 767 1308 quae
788 1234 878 1291 nobis
902 1236 1066 1310 displicent
1096 1252 1133 1291 ex
1155 1234 1304 1309 Euripide

207 1352 428 1404 removeamus
452 1352 638 1410 quamquam
650 1351 742 1391 nemo
755 1353 819 1392 non
833 1335 925 1404 videt,
946 1336 1131 1410 quambene
1144 1353 1171 1394 v.
1185 1350 1243 1410 357
1260 1353 1305 1409 sq.

207 1452 240 1492 se
262 1437 415 1511 applicare
442 1436 562 1511 possint
584 1437 626 1493 ad
648 1436 715 1492 illos
737 1453 852 1505 versuS,
875 1437 926 1497 uhi
948 1437 1099 1493 Admetus
1120 1437 1306 1494 renuntiavit

206 1552 240 1592 se
263 1553 359 1592 uxore
381 1544 501 1594 mortua
524 1537 648 1593 omnino
682 1554 744 1593 non
776 1553 844 1594 esse
873 1544 1076 1595 cantaturum.
1121 1536 1199 1595 Nam
1230 1538 1304 1612 quid

207 1637 253 1694 his
276 1638 375 1694 verbis
398 1638 499 1712 aptius
521 1645 728 1712 opponeretur
750 1654 842 1711 quam
866 1636 991 1714 Orphei,
1018 1638 1203 1696 musicorum
1225 1639 1304 1713 prin-

208 1739 294 1813 cipis,
316 1733 452 1795 mentio?
496 1737 570 1806 Sed,
590 1746 626 1795 ut
646 1739 742 1795 modo
765 1739 829 1796 dixi
859 1748 890 1797 et
919 1758 1000 1797 nunc
1022 1741 1163 1797 consulto
1185 1747 1303 1815 repet0,

207 1858 272 1897 non
294 1857 361 1897 sum
383 1847 445 1896 tam
468 1839 580 1906 audax,
613 1845 647 1895 ut
674 1839 721 1895 his
753 1841 940 1913 argumentis
961 1840 1045 1897 nisus
1069 1857 1173 1898 versus
1194 1858 1250 1915 per
1272 1857 1304 1898 se

209 1940 308 1997 bonos
333 1959 372 1997 ex
393 1948 499 1996 nostra
521 1939 662 1997 oratione
682 1939 842 2012 expellam.
869 1938 1070 1997 Nihilominus
1093 1940 1151 1998 hoc
1167 1950 1304 1997 extremo

210 2041 278 2098 loco
301 2040 548 2098 commemorabo
570 2040 702 2097 eandem
735 2057 808 2109 rem,
840 2057 919 2114 quae
947 2041 978 2097 in
1000 2040 1058 2098 hac
1080 2040 1304 2099 declamatione

212 2143 298 2217 quasi
321 2143 422 2200 obiter
443 2161 461 2199 a
483 2149 578 2216 poeta
593 2141 736 2216 tangitur,
760 2142 868 2198 summi
891 2142 984 2199 iuisse
999 2143 1146 2199 momenti
1169 2141 1217 2214 (ut
1232 2144 1305 2201 satis

211 2241 347 2319 constat)
370 2245 401 2301 in
424 2245 483 2301 alia
506 2244 610 2302 fabula
625 2243 804 2318 Euripidea‚
827 2245 858 2300 in
872 2245 1049 2303 Protesilao.
1074 2245 1176 2318 Legas
1192 2251 1305 2312 autem,

211 2362 290 2420 quae
312 2344 489 2420 Euripidem
522 2352 646 2401 secutus
667 2344 808 2420 Hyginus
841 2343 968 2401 tradidit
1000 2345 1031 2400 in
1062 2344 1164 2401 fabula
1191 2360 1246 2418 103
1270 2353 1302 2402 et

215 2461 271 2517 104
294 2452 325 2501 et
348 2443 476 2502 Ovidius
498 2443 571 2504 Her.
583 2444 654 2501 XIII
674 2463 700 2503 v.
719 2441 890 2518 149—156.
915 2442 992 2500 Cum
1010 2444 1075 2502 Alc.
1088 2464 1115 2504 v.
1129 2443 1305 2519 354-356,

210 2563 341 2621 quorum
362 2554 516 2602 extremus
530 2546 669 2602 nondum
684 2554 810 2602 sanatus
829 2544 958 2613 videtur,
981 2562 1148 2620 componas
1164 2547 1304 2603 eiusdem

210 2646 283 2706 Her.
307 2646 379 2703 XIII
403 2665 429 2705 v.
449 2644 621 2715 102—1o8‚
645 2646 780 2722 quamvis
803 2646 835 2701 in
857 2645 947 2721 longe
970 2646 1061 2704 alium
1084 2649 1302 2705 sententiarum

210 2764 323 2804 nexum
346 2749 498 2822 quadrent
520 2742 571 2825 (cf.
596 2747 745 2805 Welckeri
769 2746 821 2805 Gr.
846 2747 897 2806 Tr.
919 2747 956 2807 ΙΙ.
977 2768 1006 2824 p.
1020 2743 1211 2827 494-499).

502 3127 585 3198 ·De
612 3127 695 3199 Alc.
723 3151 758 3198 ν.
788 3132 993 3217 773—802.

311 3350 376 3407 Iam
399 3365 499 3422 supra,
526 3363 594 3404 cum
617 3347 842 3421 disputaremus
866 3348 906 3404 de
921 3347 997 3405 Hec.
1013 3367 1039 3408 v.
1056 3346 1117 3421 824
1133 3366 1189 3423 sq.,
1213 3367 1307 3407 unum

212 3453 383 3510 invenimus
414 3467 452 3505 ex
475 3449 518 3505 eis
548 3448 634 3515 locis,
656 3449 707 3505 ubi
730 3448 834 3523 Cypris
857 3457 889 3505 et
911 3467 950 3507 ea
976 3467 1056 3524 quae
1080 3450 1122 3505 ad
1143 3448 1308 3524 Cypridem

213 3553 366 3628 pertinent
388 3549 515 3606 falsariis
537 3549 780 3622 interpolationis
796 3550 956 3608 materiam
970 3550 1185 3626 praebuerunt.
1208 3550 1306 3608 Nemo

213 3669 285 3708 vero
317 3649 482 3718 mirabitur,
517 3649 601 3723 quod
632 3647 690 3705 hac
723 3651 887 3707 commoda
920 3658 951 3707 et
982 3668 1113 3708 amoena
1143 3652 1307 3708 occasIone

214 3771 309 3828 saepe
340 3751 387 3808 usi
421 3756 492 3806 sunt
522 3749 713 3822 impostores.
758 3748 801 3805 Vt
821 3750 893 3807 mihi
925 3768 972 3809 ex.
1001 3770 1044 3825 gr.
1067 3751 1226 3809 verisimile
1248 3760 1307 3820 est,
1345 3811 1346 3815 ,

214 3855 297 3929 quod
319 3854 379 3910 iam
401 3851 519 3908 dudum
542 3842 672 3906 co'niecit
694 3849 882 3925 Hartungus,
905 3851 1062 3927 Hippolyti
1085 3871 1111 3910 v.
1128 3866 1307 3926 447—450‚

215 3957 266 4031 qui
289 3960 410 4011 exstant
432 3952 463 4009 in
484 3951 536 4009 illa
550 3949 674 4008 nutricis
691 3951 730 4006 de
745 3950 867 4007 Venere
882 3952 1091 4026 dIsputatione
1105 3945 1138 4028 (4
1141 3967 1157 4023 3
1162 3949 1307 4029 3—481)‚

215 4056 371 4115 continere
395 4053 641 4111 additamentum
662 4068 699 4106 ex
722 4052 788 4126 ipso
808 4052 954 4128 Euripide
975 4060 1139 4127 sumptum,
1162 4053 1307 4126 quoniam

215 4156 366 4233 expositio
397 4155 447 4212 illa
479 4152 688 4228 metaphysica
720 4148 768 4228 (ut
789 4153 832 4210 ita
855 4151 969 4230 dicam)
1000 4153 1146 4210 orationis
1169 4153 1308 4211 ordinem

216 4256 405 4335 interrumpit
437 4263 469 4313 et
497 4254 608 4314 turbat.
650 4254 691 4312 Et
720 4272 789 4312 cum
810 4254 870 4312 hoc
891 4254 1051 4332 Hippolyti
1073 4253 1142 4313 loco
1165 4254 1305 4314 conferas
