2992 4920
519 725 580 797 De
608 725 721 796 Herc.
748 749 783 796 v.
812 728 1015 813 184-187.

320 928 450 986 Versum
476 929 546 1000 184:

369 1027 389 1103 ἢ
417 1025 455 1089 οὐ
478 1027 576 1089 παῖδα
598 1025 656 1089 τὸν
680 1025 767 1104 ἐμὸν,
791 1024 830 1088 ὃν
853 1027 894 1088 σὺ
913 1027 978 1105 φὴς
1002 1025 1082 1092 εἶναι
1105 1031 1219 1108 δοκεῖν,

221 1148 312 1205 quem
330 1130 560 1187 Herwerdenus
583 1130 747 1199 damnavit,
770 1128 903 1186 infimam
927 1130 1049 1189 finxisse
1071 1133 1243 1190 barbariem
1264 1137 1320 1192 ad-

220 1232 339 1288 notavit
354 1230 421 1291 Wil.
444 1233 480 1292 A.
501 1248 530 1305 p.
548 1245 606 1302 205
630 1238 662 1287 et
686 1229 755 1291 206.
793 1229 855 1286 Sed
878 1231 1083 1289 difficillimum
1107 1243 1154 1291 est
1177 1236 1217 1291 de
1240 1236 1317 1292 anti·

182 1349 185 1354 ·
220 1333 337 1407 quitate
370 1332 459 1390 huius
488 1351 592 1390 versus
626 1333 773 1399 iudicare,
807 1349 876 1389 cum
908 1349 946 1388 ex
977 1334 1087 1390 eadem
1117 1335 1231 1392 fabrica
1261 1337 1320 1393 orti

220 1434 381 1490 videantur
397 1452 423 1489 v.
442 1432 613 1509 185--187,
638 1450 715 1507 quos
740 1450 860 1506 semper
881 1433 1097 1491 molestissime
1120 1436 1254 1494 tulerunt
1275 1437 1320 1494 in·

220 1542 378 1608 terpretes,
401 1534 440 1594 cf.
462 1533 612 1608 Hartungi
635 1533 802 1590 editionem
825 1552 854 1607 p.
876 1532 932 1591 roo
956 1543 987 1591 et
1003 1534 1243 1594 Wecklinianam
1264 1539 1320 1595 ad-

214 1635 411 1692 notationem
445 1636 486 1692 ad
519 1634 681 1692 vocabula:
725 1629 855 1708 Δίρφυν
885 1630 1053 1711 Ἀβαντίδα
1081 1632 1123 1716 (ν.
1151 1636 1221 1712 185)
1252 1655 1319 1712 per-

220 1736 378 1792 tinentem.
804 1806 810 1815 „

318 1836 406 1894 Idem
432 1837 512 1894 enim
540 1836 653 1893 accidit
684 1854 710 1894 v.
732 1835 786 1919 183
816 1837 900 1909 quod
929 1854 1020 1911 supra
1048 1857 1073 1897 v.
1093 1853 1263 1919 151,¹cum
1287 1849 1320 1897 et

220 1937 278 1994 illic
301 1937 402 1994 ethic
425 1937 565 2013 quaestio
586 1916 719 1993 oratoria
734 1931 923 2012 (ῥητορικὴ),
947 1955 1027 2011 quae
1050 1939 1117 2014 ipsa
1139 1957 1319 2015 responsum

221 2055 326 2094 secum
349 2038 416 2106 fert,
439 2037 649 2113 amplificatori
665 2036 818 2111 Euripidis
842 2038 998 2111 egregiam
1020 2041 1216 2097 occasionem
1231 2058 1320 2115 prae·

221 2139 320 2196 buerit
343 2138 462 2214 longius
490 2138 693 2211 exspatiandi.
737 2136 799 2194 Sed
821 2146 927 2195 nostro
952 2138 1020 2197 loco
1042 2140 1138 2197 multo
1162 2141 1321 2199 molestior

221 2248 269 2296 est
303 2239 440 2297 falsarius
475 2256 565 2313 quam
593 2238 671 2306 illic,
709 2238 853 2312 quoniam
889 2240 927 2296 ab
960 2239 1103 2298 Herculis
1137 2242 1320 2299 defensione

221 2341 372 2397 aberravit
398 2340 438 2396 ad
461 2339 535 2412 Lyci
556 2337 814 2412 maledictionem,
847 2356 926 2412 quae
956 2341 1176 2399 sententiarum
1199 2360 1319 2400 cursum

221 2441 330 2498 misere
362 2439 512 2498 distrahit.
561 2438 641 2495 Nam
672 2439 775 2496 statim
803 2448 874 2513 post
898 2439 1038 2498 Herculis
1067 2442 1174 2500 laudes
1202 2444 1320 2500 initium

221 2543 345 2599 alterius
372 2541 475 2617 partis,
509 2557 588 2615 quae
612 2548 660 2596 est
683 2540 722 2595 de
746 2541 971 2613 sagittariorum
1000 2550 1065 2598 arte
1096 2552 1127 2599 et
1151 2543 1319 2610 virtutibus,

222 2642 421 2700 statuendum
444 2649 500 2697 est.
547 2640 609 2697 Sed
636 2639 831 2714 inspiciamus
858 2641 942 2716 ipsos
965 2659 1080 2710 versus,
1115 2645 1166 2719 qui
1193 2644 1252 2701 hac
1273 2662 1320 2700 ra·

221 2745 305 2801 tione
330 2776 364 2785 -
401 2743 571 2800 lenissimas
597 2750 716 2799 tantum
744 2743 931 2799 mutationes
957 2745 1132 2819 accepimus
1156 2746 1321 2802 -traditi

221 2853 309 2901 sunt:

292 2945 347 3017 185
369 2941 501 3019 Δίρφυν
523 2936 550 3004 δ’
574 2940 705 3017 ἐρωτῶν
727 2939 746 3016 ἥ
770 2939 800 3003 σ’
825 2940 935 3020 ἔθρεψ’
959 2941 1127 3022 Ἀβαντίδα

371 3041 431 3105 οὐκ
453 3040 493 3105 ἄν
514 3047 545 3103 σ’
566 3039 779 3105 ἐπαινέσειεν·
803 3041 842 3105 οὐ
865 3043 926 3122 γὰρ
949 3042 1017 3107 ἔσθ’
1041 3042 1124 3107 ὅπου

371 3141 491 3204 ἐσθλόν
511 3161 539 3202 τι
562 3140 686 3219 δράσας
709 3142 840 3220 μάρτυρ’
865 3142 904 3207 ἂν
926 3143 1038 3223 λάβοις
1059 3143 1194 3221 πάτραν.

221 3247 256 3304 ln
279 3266 305 3306 v.
327 3246 382 3320 185
398 3246 624 3303 Laurentianus
647 3246 741 3303 habet
765 3243 883 3322 δίρφην
896 3267 952 3323 pro
968 3244 1095 3323 δίρφυν,
1119 3266 1210 3322 quem
1233 3266 1320 3305 mon·

222 3355 286 3404 tem
314 3347 460 3403 Euboeae
490 3347 555 3403 sine
587 3346 681 3404 dubio
710 3357 792 3405 recte
819 3350 1019 3406 restituerunt
1048 3349 1192 3406 editores.
1238 3348 1317 3405 Nam

223 3447 423 3504 certissimum
439 3454 486 3503 est
500 3442 640 3522 Δίρφυν,
662 3458 798 3505 montem
810 3448 968 3517 Euboeae,
992 3449 1107 3524 opponi
1124 3450 1162 3505 ab
1189 3457 1315 3505 auctore

223 3543 343 3627 Φολόῃ,
372 3548 468 3605 monti
491 3547 653 3615 Arcadiae,
680 3549 732 3621 qui
752 3549 923 3622 appellatur
944 3550 974 3605 in
997 3567 1022 3607 v.
1044 3548 1111 3616 182,
1139 3551 1318 3623 praesertim

152 3629 158 3640 ¹
222 3666 293 3706 cum
315 3647 474 3706 verisimile
506 3649 545 3705 sit
578 3649 785 3723 inelegantem
809 3669 835 3708 v.
855 3650 910 3724 185
935 3659 1117 3708 structuram
1142 3668 1211 3707 esse
1234 3653 1320 3725 inep-

223 3758 286 3806 tam
314 3749 515 3806 imitationem
541 3749 643 3806 bonae
670 3749 748 3806 illius
773 3752 1017 3819 constructionis,
1053 3768 1133 3825 quae
1163 3752 1320 3824 coniungit

224 3868 249 3907 v.
270 3847 325 3905 182
351 3866 420 3906 cum
442 3867 468 3906 v.
491 3847 545 3921 183
570 3845 716 3910 ἐπελθὼν
733 3882 771 3890 -
789 3846 875 3925 ἑροῦ.
897 3850 1006 3908 Lectio
1029 3859 1142 3919 autem,
1165 3867 1245 3924 quae
1268 3868 1320 3905 ex-

223 3958 285 4008 stat
306 3950 337 4006 in
360 3949 468 4007 codice
484 3949 703 4010 Schenkliano:
728 3947 858 4027 νύμφην
873 3952 900 4010 τ’
917 3945 993 4029 (νυμ
1008 3968 1050 4018 m2
1068 3952 1098 4007 in
1117 3947 1199 4027 ras),
1223 3950 1321 4006 inutili

224 4158 327 4207 verbis:
347 4158 441 4225 χρῄζω
460 4157 588 4211 λιπέσθαι
600 4161 658 4210 τῶν
672 4158 850 4225 δεδραμένων
870 4157 957 4223 δίκην,
980 4159 1013 4210 cf.
1023 4159 1104 4208 Herc.
1118 4175 1140 4209 v.
1152 4171 1203 4222 734
1217 4165 1243 4207 et
1256 4157 1319 4222 756:

224 4263 247 4296 v.
265 4247 314 4296 168
334 4247 390 4296 sine
410 4248 493 4297 dubio
513 4246 667 4309 gravissime
688 4256 827 4314 corruptus
848 4256 896 4299 est.
