2992 4920
498 717 559 789 De
586 718 699 790 Herc.
726 743 760 790 v.
788 740 994 809 290—294.

297 938 470 1013 Pergamus
486 940 525 995 de
544 940 691 1014 Megarae
717 941 867 1008 oratione,
891 941 973 996 unde
997 939 1136 1012 digressa
1161 947 1208 995 est
1231 939 1292 995 dis·

199 1041 316 1115 putatio
338 1049 453 1109 nostra,
477 1040 635 1099 disserere.
670 1040 894 1098 Patefaciamus
916 1058 989 1114 ergo
1012 1056 1065 1096 eas
1087 1038 1294 1107 difficultates

199 1159 279 1216 quae
302 1141 401 1199 latent
422 1142 453 1198 in
475 1160 501 1200 v.
518 1157 693 1216 apo-294.
737 1142 840 1217 Atque
862 1141 991 1215 primum
1013 1141 1138 1217 quidem
1153 1141 1295 1215 displicet

195 1243 278 1299 idem
312 1241 498 1299 adiectivum
536 1237 694 1319 (εὐκλεὴς)
717 1243 828 1299 eodem
856 1260 961 1300 versus
982 1243 1051 1300 loco
1076 1243 1156 1302 inv.
1181 1241 1241 1299 288
1262 1249 1294 1298 et

196 1343 228 1399 in
248 1361 274 1402 v.
303 1358 363 1417 290
385 1351 577 1417 usurpatum:
611 1344 696 1417 quod
718 1343 907 1419 pauperioris
930 1353 962 1401 et
985 1343 1148 1401 miserioris
1181 1341 1294 1418 ingenii

198 1461 269 1502 esse
293 1460 385 1519 quam
405 1444 558 1520 Euripidis
581 1444 654 1502 mihi
678 1454 795 1502 certum
818 1453 865 1502 est
874 1441 905 1519 ¹).
951 1444 1172 1503 Gravissimum
1191 1452 1294 1501 autem

198 1552 239 1613 et,
265 1561 464 1620 quascunque
487 1546 721 1604 emendationes
745 1554 776 1603 et
790 1546 1057 1621 interpretationes
1073 1553 1225 1621 temptant
1241 1545 1294 1601 viri

198 1646 293 1714 docti,
327 1645 498 1703 insanabile
533 1646 637 1703 vitium
676 1655 777 1704 exstat
813 1647 845 1704 in
878 1647 1028 1704 vocabulo
1061 1642 1293 1721 ἀμαρτύρητος,

196 1747 291 1821 quod,
315 1755 349 1804 ut
371 1746 557 1804 Matthiaeus
584 1757 667 1805 recte
694 1749 837 1823 explicat,
861 1746 1011 1823 significat
1031 1748 1074 1815 id,
1098 1748 1183 1823 quod
1205 1747 1293 1804 nullis

198 1848 328 1905 testibus
361 1849 606 1906 demonstratum
636 1858 692 1910 est.
737 1849 816 1907 Nam
849 1849 975 1908 artificia
997 1867 1112 1918 eorum,
1145 1850 1196 1924 qui
1226 1866 1294 1906 cum

198 1948 336 2023 Pllugkio
360 1957 392 2005 et
411 1950 574 2025 Hartungo
597 1946 685 2027 (edit.
700 1969 729 2025 p.
748 1944 821 2028 171)
845 1952 1047 2019 contendunt,
1070 1945 1294 2025 ἀμαρτύρητον

198 2067 277 2118 esse,
300 2045 360 2108 ‘ad
384 2053 468 2125 quod
492 2053 696 2109 evincendum
726 2053 855 2110 testibus
877 2071 940 2110 non
962 2047 1060 2127 opus'
1087 2052 1135 2120 sit,
1158 2052 1196 2108 cf.
1221 2052 1294 2110 edit.

199 2150 324 2210 Barnes.
341 2150 398 2210 vol.
413 2151 455 2208 ΙΙΙ
470 2170 498 2226 p.
515 2152 586 2226 598,
609 2161 713 2210 nostro
736 2154 800 2210 iure
814 2156 1019 2230 neglegemus,
1054 2153 1176 2210 Accidit
1191 2161 1294 2210 antem

197 2250 264 2307 sine
286 2251 381 2308 dubio
405 2253 523 2309 auctori
545 2252 633 2310 huius
656 2271 759 2310 versus
794 2254 886 2322 idem,
918 2256 1002 2329 quod
1025 2255 1143 2312 rusticis
1166 2253 1230 2310 fieri
1251 2254 1294 2310 vi·

198 2353 307 2408 demus
330 2350 513 2421 hominibus,
537 2354 611 2411 dum
633 2371 805 2411 sermonem
833 2356 981 2413 urbanum
1007 2354 1154 2411 adhibere
1178 2373 1292 2411 conan-

198 2460 254 2519 tur,
278 2469 346 2509 cum
369 2463 516 2528 appareat
537 2473 564 2514 v.
590 2470 650 2528 290
672 2455 761 2529 plane
785 2456 968 2513 contrariam
991 2456 1148 2512 continere
1171 2464 1294 2512 senten·

200 2553 274 2610 tiam
306 2561 400 2628 atque
423 2553 448 2610 is
473 2555 525 2628 qui
548 2572 668 2612 versum
690 2556 765 2612 fecit
798 2555 901 2615 voluit.
944 2556 1004 2613 Hic
1033 2557 1167 2613 enimin
1192 2556 1294 2613 animo

199 2653 305 2710 habuit
327 2653 411 2711 idem
433 2654 547 2729 dicere,
580 2657 664 2730 quod
685 2656 859 2732 Madvigus‚
894 2658 945 2732 qui
974 2656 1050 2715 Adv.
1074 2655 1121 2716 Cr.
1144 2657 1157 2713 I
1180 2674 1208 2731 p.
1233 2656 1293 2728 246

147 2754 148 2758 ’
200 2771 254 2827 pro
287 2749 421 2829 εὐκλεής
449 2755 645 2813 scribendum
670 2758 831 2831 proposuit
858 2752 1006 2832 εὔδηλος,
1036 2759 1121 2832 quod
1153 2757 1295 2814 Herwer·

201 2854 311 2924 deuuS,
341 2857 393 2929 qui
422 2856 486 2912 sine
514 2857 572 2914 ulla
600 2858 815 2932 probabilitate
838 2858 985 2915 coniecit:
1021 2854 1122 2933 οὑμὸς
1144 2855 1172 2919 δ’
1196 2853 1295 2933 ἀμαρ-

199 2950 336 3030 τύρητος
364 2952 424 3017 οὐκ
446 2952 534 3016 ἔστιν
555 2951 661 3031 πόσις,
689 2959 774 3031 quod
800 2957 850 3015 alii
876 2959 941 3015 aliis
965 2959 1147 3016 coniecturis
1170 2976 1295 3034 expres-

197 3063 310 3115 serunt.
354 3055 418 3114 Nos
446 3057 536 3131 igitur
562 3058 808 3131 permanebimus
840 3060 871 3116 in
899 3059 1012 3117 tradita
1034 3060 1176 3130 lectione,
1207 3077 1294 3134 prae-

197 3293 257 3344 333,
277 3280 322 3345 qui
342 3279 544 3332 similitudinem
563 3281 694 3346 quandam
713 3281 795 3331 habet
823 3298 882 3332 cum
900 3284 981 3334 Herc.
1001 3299 1025 3334 v.
1045 3294 1195 3348 204-205,
1224 3290 1294 3333 recte

197 3370 330 3418 damnavit
347 3369 415 3418 Wil.
434 3369 470 3420 A.
490 3386 515 3435 p.
534 3382 591 3430 190,
610 3387 635 3421 n.
655 3382 679 3432 3.
726 3371 874 3438 Sequentes
897 3388 960 3422 vero
986 3388 1078 3421 versus
1097 3379 1149 3421 tam
1171 3372 1294 3434 gravibus

196 3455 319 3506 laborant
337 3457 418 3516 vitiis,
447 3463 475 3506 ut
492 3465 552 3506 ante
570 3475 594 3509 v.
613 3467 665 3520 338
684 3459 727 3508 vix
745 3459 853 3518 habeas,
880 3460 928 3509 ubi
948 3465 1016 3509 stare
1035 3461 1132 3525 possis.
1172 3460 1295 3510 Ceterum

195 3545 275 3604 idem,
295 3545 368 3610 quod
387 3545 431 3595 hic
449 3552 544 3617 tractat
556 3546 754 3607 Andromacha,
775 3549 860 3623 primo
882 3547 943 3598 loco
962 3549 1075 3598 minatus
1090 3555 1144 3598 erat
1155 3549 1293 3599 Menelaus

196 3631 232 3699 tv·
253 3634 323 3698 315)-

300 3720 325 3788 1)
344 3721 383 3773 Cf.
403 3738 471 3786 quae
490 3723 523 3771 de
540 3723 672 3772 similibus
687 3724 856 3773 offendiculis
871 3724 977 3790 scripsit
990 3726 1126 3775 Hirzelius
1141 3744 1166 3791 p.
1180 3727 1294 3791 76-77,

196 3810 240 3874 qui
261 3809 458 3874 quodammodo
478 3826 568 3860 secum
590 3811 648 3876 ipse
674 3819 776 3861 certans
796 3810 878 3874 louge
897 3812 974 3862 aliter
993 3813 1119 3863 iudicavit
1137 3831 1163 3880 p.
1178 3826 1219 3878 57,
1248 3813 1294 3862 ubi

197 3899 288 3948 nititur
306 3898 435 3965 exemplis
454 3906 558 3964 praeter
583 3916 663 3949 unum
682 3898 767 3966 (Med.
788 3912 837 3965 775
859 3906 885 3949 et
906 3902 957 3965 780
977 3900 1139 3968 αἰτήσομαι)
1163 3903 1293 3967 suspectis

197 3996 223 4037 et
246 3987 384 4052 corruptis.
430 3988 588 4053 Exemplum
612 3988 755 4038 tolerabile
780 3989 912 4038 invenitur
936 3990 963 4039 in
986 3991 1098 4057 Hippol.
1124 4008 1147 4040 v.
1175 4000 1240 4054 1245
1269 3997 1295 4038 et

200 4077 266 4137 1248
285 4075 319 4127 οὐ
339 4075 453 4136 κάτοιδ’,
473 4093 532 4126 cum
551 4077 614 4127 satis
633 4083 693 4142 apta
712 4077 746 4126 sit
764 4078 830 4127 haec
848 4080 971 4143 repetitio
990 4079 1110 4128 moribus
1128 4078 1221 4128 nuntii.
1240 4080 1294 4127 Lo·

198 4180 258 4215 cum
277 4170 428 4230 corruptum
456 4165 535 4215 huius
562 4166 667 4228 generis
695 4165 837 4228 indagasse
865 4167 917 4217 sibi
944 4168 1049 4217 videtur
1066 4166 1238 4216 Bartholdius
1265 4166 1293 4215 in

196 4252 307 4319 Hippoi.
328 4269 351 4303 v.
375 4264 407 4316 73
428 4260 455 4303 et
473 4252 516 4317 76,
534 4253 580 4302 ubi
600 4253 711 4303 alterum
730 4251 873 4320 ἀκήρατον
892 4256 919 4304 in
938 4256 1118 4322 suspicionem
1136 4262 1220 4306 vocat.
