2992 4920
522 1226 584 1298 De
609 1225 784 1299 Herculis
810 1227 984 1323 prologo

304 1449 387 1506 Inter
419 1465 526 1505 omnes
560 1449 677 1506 fabulas
708 1448 890 1524 Euripideas
922 1460 1044 1526 praeter
1079 1450 1245 1528 Cyclopem
1275 1461 1307 1510 et

205 1548 364 1624 Supplices
387 1551 435 1606 vix
456 1567 548 1606 unam
569 1552 712 1625 reperies,
736 1552 822 1609 cuius
844 1553 990 1627 prologus
1018 1553 1056 1610 ab
1079 1552 1304 1628 interpolatori-

204 1650 260 1707 bus
285 1651 384 1708 minus
407 1653 545 1709 turbatus
565 1651 604 1709 sit
625 1670 717 1727 quam
739 1653 888 1714 Herculis.
921 1653 1023 1712 Missis
1049 1655 1130 1711 enim
1152 1653 1303 1712 nonnullis

203 1752 294 1808 rebus
321 1752 440 1809 levioris
468 1754 615 1810 momenti
645 1771 742 1829 usque
774 1755 815 1811 ad
845 1773 872 1814 v.
893 1747 966 1832 50¹)
997 1755 1102 1813 omnia
1131 1763 1194 1812 tam
1221 1763 1303 1812 recte
1378 1778 1380 1782 ·

204 1853 385 1927 procedunt,
419 1862 452 1911 ut
477 1872 569 1912 nemo
592 1872 655 1912 nou
678 1856 783 1913 videat
803 1857 835 1913 in
856 1855 914 1913 hac
936 1856 1056 1930 prologi
1086 1864 1175 1930 parte
1197 1857 1304 1930 genui-

203 1970 276 2008 num
298 1955 519 2012 sententiarum
538 1972 690 2012 conexum
711 1964 742 2013 et
764 1973 864 2013 rerum
887 1956 1026 2013 ordinem
1048 1964 1201 2013 servatum
1223 1973 1302 2017 esse.

203 2053 297 2126 Quod
320 2056 394 2130 quid
416 2056 473 2113 sibi
489 2056 569 2126 velit,
597 2074 704 2114 omnes
728 2057 916 2132 intellegunt,
942 2057 993 2132 qui
1010 2058 1206 2132 desperatam
1227 2059 1302 2114 mul·
1402 2048 1407 2061 '

203 2164 304 2213 torum
325 2158 421 2214 nostri
443 2167 556 2232 poetae
578 2159 775 2234 prologorum
796 2158 924 2216 formam
947 2158 1031 2215 haud
1052 2159 1204 2232 ignorant.
1240 2157 1302 2216 Sed

201 2256 294 2313 etiam
315 2256 394 2314 inter
416 2257 472 2315 hos
495 2259 717 2334 quinquaginta
739 2275 844 2316 versus
869 2276 947 2315 unus
970 2266 1018 2316 est
1046 2259 1174 2333 spurius,
1210 2275 1302 2333 quem

202 2356 238 2415 N.
263 2356 380 2431 optimo
407 2358 472 2414 iure
499 2359 664 2428 damnavit,
696 2353 765 2439 (47)
792 2358 971 2434 praesertim
1004 2376 1073 2415 cum
1103 2358 1302 2434 interpolator

200 2464 384 2515 structuram
414 2460 603 2534 usurpaverit
632 2461 716 2535 apud
744 2459 878 2534 tragicos
902 2466 1011 2534 poetas
1038 2458 1229 2527 rarissimam,
1262 2458 1299 2516 cf.

200 2556 284 2618 Pors.
314 2559 355 2615 ad
382 2559 460 2617 Hec.
489 2579 515 2620 v.
535 2577 609 2634 1141
637 2560 687 2634 (N.
708 2557 810 2636 1159).
854 2560 890 2617 In
918 2568 1054 2617 extrema
1084 2577 1156 2617 vero
1183 2560 1300 2635 prologi
1336 2638 1341 2647 ἱ
1394 2603 1397 2607 »

199 2667 287 2733 parte
309 2655 461 2737 (51—59)
489 2662 586 2719 multo
613 2662 823 2719 vehementius
852 2660 958 2719 saeviit
988 2654 1179 2718 falsariorum
1209 2660 1299 2729 furor,

201 2776 292 2833 quem
314 2762 465 2835 sagaciter
487 2763 547 2820 iam
568 2762 716 2838 patefecit
737 2761 888 2837 Iosephus
911 2760 1119 2836 Klinkenberg
1141 2761 1173 2817 in
1195 2760 1298 2818 libello

200 2854 254 2917 ‘de
271 2860 507 2936 Euripideorum
521 2864 719 2938 prologorum
741 2872 807 2920 arte
830 2870 862 2920 et
885 2856 1138 2937 interpolatione’
1160 2859 1203 2937 (p.
1217 2859 1297 2936 36-

199 2956 254 3037 38)
289 2979 387 3037 nuper
408 2964 504 3021 edito,
549 2963 750 3046 Nihilominus
775 2963 823 3020 Kl.
848 2964 888 3020 de
912 2971 1018 3020 nostro
1042 2962 1171 3037 prologo
1194 2961 1299 3036 dispu-

199 3063 276 3119 tatio
298 3080 347 3120 me
369 3081 431 3120 non
453 3065 636 3139 prohibebit,
666 3065 827 3141 quominus
851 3081 932 3139 quae
954 3064 1015 3121 iam
1039 3064 1158 3120 dudum
1177 3062 1217 3118 de
1240 3062 1299 3120 hoc

122 3159 124 3164 ’
197 3163 267 3221 loco
290 3166 372 3223 sensi
394 3175 426 3222 et
449 3166 480 3222 in
502 3167 624 3224 schedis
646 3167 721 3224 meis
744 3167 856 3240 scripta
879 3165 982 3233 habui,
1017 3164 1066 3222 hic
1088 3163 1242 3239 proferam
1265 3170 1296 3220 et

198 3281 360 3339 exponam.
405 3265 484 3323 Nam
510 3268 550 3324 de
576 3269 666 3325 rebus
695 3267 861 3324 minoribus
889 3283 948 3342 ego
979 3265 1128 3323 dissentio
1151 3281 1169 3321 a
1190 3263 1240 3320 Kl.
1266 3271 1298 3320 et

198 3365 249 3421 ubi
273 3382 336 3423 non
358 3361 507 3425 dissentio
531 3368 568 3424 ab
592 3368 653 3436 illo,
680 3367 903 3443 expositionem
925 3383 1025 3424 meam
1047 3367 1090 3422 ita
1112 3364 1238 3433 institui,
1261 3371 1296 3420 ut

197 3467 289 3523 etiam
314 3475 386 3542 post
413 3468 490 3525 illius
519 3469 674 3544 egregiam
699 3468 937 3543 explicationem
960 3467 1019 3542 legi
1041 3466 1147 3540 possit.
1193 3465 1296 3540 Atque

196 3568 325 3641 primum
347 3570 472 3642 quidem
494 3570 565 3626 mihi
587 3570 727 3644 displicet
749 3569 840 3626 nimia
863 3568 1008 3625 severitas
1032 3585 1093 3643 qua
1107 3567 1154 3626 Kl.
1177 3565 1297 3624 abiudi·
1373 3557 1376 3562 ’

197 3668 277 3724 cavit
299 3667 337 3724 ab
360 3668 507 3743 Euripide
529 3688 556 3728 v.
573 3684 712 3743 53-54:

368 3765 511 3843 πλευρὰς
532 3766 686 3844 τιθέντες·
710 3767 745 3830 ἐκ
767 3766 828 3844 γὰρ
851 3764 1105 3845 ἐσφραγισμένοι

369 3863 479 3944 δόμων
501 3865 651 3946 καθήμεθ’
676 3865 794 3950 ἀπορίᾳ
816 3865 986 3944 σωτηρίας.

198 3968 393 4043 Quamquam
416 3987 475 4046 ego
498 3988 621 4045 quoque
647 3971 706 4028 hoc
727 3971 829 4029 statim
863 3972 1003 4028 concedo
1035 3968 1208 4026 horribilem
1230 3967 1295 4024 dic·

197 4069 329 4127 tionem:
354 4066 389 4129 ἑκ
411 4066 472 4144 γὰρ
495 4066 751 4146 ἐσφραγισμένοι
775 4066 893 4146 δόμων,
915 4071 947 4128 in
970 4089 1030 4148 qua
1052 4086 1172 4144 semper
1199 4067 1294 4126 offen·

304 4264 330 4333 1)
348 4268 472 4319 Numeris
491 4274 552 4319 utor
571 4268 742 4320 Nauckianis.
