2992 4920
728 346 762 384 22

196 519 342 577 mentum,
364 511 449 584 quod
472 506 507 569 ἐκ
529 505 627 583 τύχης
650 505 873 583 ὡρμισμένους
896 540 936 549 -
957 526 1040 566 nunc
1061 508 1129 568 Wil.
1155 449 1387 584 exssfftisQ‘
1426 583 1431 590 κ

195 586 256 686 qua
276 609 503 679 emendatione,
526 609 564 668 ef.
588 610 637 668 ed.
661 609 784 671 Barnes.
807 609 1060 684 v01.111p.597‚
1083 619 1167 666 recte
1191 608 1294 667 scribit

196 707 400 786 ὡρμισμένον
423 742 463 750 --
485 727 548 768 non
570 711 636 767 sine
660 711 793 768 audacia
820 710 939 769 dicitur.
984 709 1063 767 Nam
1085 710 1164 768 haec
1187 710 1295 778 dictio,

196 830 382 887 quamquam
403 811 549 886 exemplis
571 810 698 880 defendi
712 829 775 868 non
790 820 904 886 potest,
926 811 1072 884 quoniam
1094 810 1214 868 fabulae
1237 829 1293 869 no-

197 919 279 968 strae
304 929 330 969 v.
354 925 433 989 1094
457 909 537 984 ναῦς
560 905 650 984 ὅπως
672 906 884 987 ὡρμισμένος,
917 909 954 970 cf.
978 910 1028 969 Ar.
1052 909 1177 969 Thesm.
1204 909 1295 979 1106,

198 1012 288 1086 plane
310 1011 397 1068 aliter
424 1028 457 1067 se
486 1010 589 1080 habet,
618 1019 722 1068 tamen
753 1029 771 1067 a
801 1011 949 1068 sermonis
973 1010 1085 1068 Graeci
1112 1011 1217 1068 indole
1246 1012 1293 1067 vix

196 1112 358 1170 abhorrere
381 1112 502 1170 videtur
515 1109 548 1186 ¹).

497 1432 558 1503 De
585 1431 697 1503 Herc.
726 1457 761 1502 v.
792 1437 998 1523 287—289.

299 1652 445 1728 Megarae
469 1651 638 1709 orationem
662 1645 865 1729 (275—311),
895 1670 974 1727 quae
1003 1671 1085 1711 nunc
1106 1654 1179 1711 satis
1204 1656 1298 1730 longa

196 1762 254 1822 est,
277 1753 348 1811 olim
363 1752 458 1810 multo
473 1752 642 1809 breviorem
665 1751 759 1808 inisse
781 1752 853 1808 mihi
876 1753 1076 1811 certissimum
1098 1763 1154 1814 est.
1179 1754 1298 1812 Tamen

197 1871 276 1928 quae
302 1871 402 1928 usque
424 1853 466 1910 ad
486 1871 512 1910 v.
538 1851 598 1909 286
621 1853 733 1909 tradita
756 1860 835 1921 sunt,
862 1853 1050 1926 gravioribus
1078 1855 1297 1914 offensionibus

196 1961 312 2011 carent.
363 1954 426 2010 Sed
447 1954 478 2008 in
501 1953 700 2027 sequentibus
724 1953 870 2010 orationis
894 1954 1031 2028 partibus
1047 1964 1209 2031 tantopere
1230 1975 1298 2014 sae-

196 2054 288 2110 viisse
315 2053 436 2110 videtur
471 2053 554 2109 furor
581 2053 841 2127 interpolatorum,
869 2065 903 2110 nt
926 2054 972 2110 vel
994 2073 1105 2113 caecus
1128 2057 1225 2115 lector
1247 2076 1297 2113 ve·

197 2155 288 2229 stigia
315 2153 505 2210 falsariorum
538 2153 673 2209 invenire
706 2154 828 2211 debeat.
873 2155 914 2211 Et
935 2173 961 2215 v.
985 2156 1044 2231 287
1081 2158 1206 2230 quidem
1236 2159 1296 2215 iam

195 2254 231 2313 N.
250 2262 410 2329 suspectus
442 2253 498 2310 fuit
520 2271 621 2328 neque
645 2262 748 2311 autem
771 2255 874 2311 videre
897 2273 1034 2330 possum,
1058 2275 1118 2331 qua
1141 2258 1181 2313 de
1204 2276 1298 2316 causa

197 2355 278 2412 hunc
305 2372 399 2412 unum
420 2372 541 2410 versum
562 2356 707 2412 damnare
733 2355 805 2411 velit
833 2357 876 2412 vir
896 2357 1101 2418 doctissimus.
1146 2357 1207 2415 Sed
1239 2360 1297 2434 pri·

196 2474 280 2512 mum
302 2456 390 2512 nobis
410 2456 628 2530 disputandum
650 2456 705 2512 erit
728 2457 768 2513 de
789 2475 816 2516 ν.
835 2455 893 2513 288
917 2466 949 2515 et
972 2459 1209 2534 primoquidem
1227 2460 1295 2517 loco

199 2558 239 2613 de
262 2557 410 2614 vocabulo
435 2552 577 2630 δόκησις,
602 2557 649 2612 eui
672 2557 833 2632 Euripides
862 2575 931 2614 cum
954 2560 1063 2616 ceteris
1085 2560 1186 2618 bonae
1200 2561 1297 2617 Grae-

198 2657 297 2713 citatis
321 2657 497 2727 auctoribus
529 2657 661 2713 eandem
684 2657 743 2713 vim
766 2658 878 2726 tribuit,
915 2676 994 2732 quae
1016 2660 1096 2716 inest
1114 2660 1225 2717 Latino
1246 2678 1296 2717 vo·

198 2758 307 2815 cabulo
331 2752 473 2831 ‘opini0',
507 2757 545 2815 cf.
568 2757 703 2832 Hesychi
726 2758 961 2833 explicationem
982 2761 1040 2818 vol.
1062 2761 1076 2817 Ι
1100 2778 1129 2834 p.
1155 2760 1230 2833 526:
1258 2758 1297 2820 τὸ

199 2856 239 2932 μὴ
262 2853 301 2918 ὄν
323 2854 543 2933 νομιζόμενον,
567 2853 637 2919 οἷον
660 2855 832 2934 φαντασία,
877 2858 959 2917 Utile
988 2869 1090 2918 autem
1114 2862 1171 2918 erit
1194 2863 1297 2936 singu·

199 2960 244 3016 los
267 2960 352 3016 locos
374 2958 567 3033 Euripideos‚
591 2961 643 3016 ubi
665 2956 797 3035 δόκησις
824 2962 983 3036 invenitur,
1005 2963 1165 3036 inspicere.
1203 2961 1297 3019 Plane

200 3060 339 3134 congruit
361 3055 494 3133 δόκησις
517 3078 586 3117 cum
606 3061 785 3118 Latinorum
808 3063 952 3136 opinione
973 3063 1006 3118 in
1028 3060 1097 3120 Hel.
1113 3080 1139 3120 v.
1158 3062 1297 3136 35-36:

201 3156 252 3220 καὶ
274 3159 362 3220 δοκεῖ
384 3161 414 3234 μ’
430 3155 523 3234 ἔχειν,
546 3159 642 3236 κενὴν
665 3158 808 3238 δόκησιν,
831 3159 890 3222 οὐκ
906 3158 998 3237 ἔχων.
1036 3162 1099 3220 Sed
1121 3163 1181 3219 iam
1205 3180 1296 3237 supra

200 3261 396 3335 probavimus
419 3263 604 3320 sententiam
626 3264 686 3332 ΚΙ.,
715 3266 766 3338 qui
788 3266 916 3322 damnat
937 3265 1015 3322 haec
1038 3265 1140 3331 verba,
1164 3282 1234 3321 curn
1255 3282 1295 3320 ne

200 3362 363 3436 Euripides
386 3362 511 3436 quidem
533 3363 616 3420 idem
639 3373 685 3421 ter
708 3365 811 3422 dicere
840 3365 947 3424 soleat.
990 3365 1026 3421 In
1049 3365 1189 3421 eiusdem
1208 3363 1295 3422 fabu-

304 3624 326 3686 1)
346 3622 486 3688 Explicata
504 3631 544 3672 est
562 3624 628 3674 haee
648 3626 731 3675 dictio
750 3627 777 3675 in
797 3627 969 3676 adnotatione
987 3626 1158 3677 Koechliana
1175 3630 1209 3678 ad
1228 3629 1296 3678 diffi-

200 3711 316 3761 cillimos
334 3711 393 3777 Iph.
413 3713 443 3761 T.
462 3728 486 3762 v.
500 3714 641 3775 907-908
662 3715 767 3780 scripta.
788 3743 820 3750 —
845 3716 946 3764 Eadem
965 3717 1000 3764 de
1020 3732 1099 3765 causa
1118 3724 1196 3781 atque
1215 3720 1295 3768 Herc.

201 3815 225 3849 v.
241 3811 380 3862 eoo-203
401 3800 547 3849 certissime
567 3801 709 3851 damnandi
729 3810 789 3852 sunt
808 3804 904 3854 Bacch.
924 3822 948 3854 v.
964 3805 1112 3866 333-336,
1138 3821 1205 3870 quos
1224 3812 1295 3855 recte

200 3889 228 3937 in
248 3888 426 3952 suspicionem
445 3897 606 3939 vocaverunt
624 3892 658 3941 N.
673 3899 700 3940 et
714 3892 875 3956 Bernhardy.
896 3893 965 3940 Nam
983 3893 1041 3957 ipse
1054 3893 1197 3958 Euripides
1216 3893 1294 3942 finem

201 3976 307 4026 fabulae
327 3992 390 4025 suae
410 3984 435 4027 et
454 3992 541 4026 mores
554 3978 646 4028 Cadmi
667 3981 738 4028 senis
757 3981 890 4039 irrisisset,
910 3981 932 4030 si
952 3982 976 4029 ei
995 3981 1058 4029 talia
1075 3981 1156 4029 verba
1176 4009 1205 4016 -
1228 3997 1295 4046 quae

200 4065 243 4113 vix
263 4066 401 4129 quisquam
420 4065 477 4113 sine
497 4065 535 4114 ira
556 4074 582 4116 et
600 4068 783 4130 indignatione
802 4070 854 4119 hoc
875 4069 937 4119 loco
957 4069 1046 4131 legere
1065 4069 1151 4134 possit
1171 4096 1202 4104 —
1224 4070 1295 4118 attri-

200 4152 312 4203 buisset.
348 4151 402 4201 Sed
421 4152 554 4203 debentur
573 4154 601 4202 hi
621 4171 712 4204 versus
733 4157 790 4204 sine
809 4157 892 4206 dubio
912 4156 1070 4219 malignitati
1089 4157 1185 4206 comici
1203 4157 1295 4207 nescio

199 4255 282 4290 curus.
