2992 4920
781 355 816 414 42

254 523 364 586 Elucet
398 534 501 585 autem
533 524 791 600 interpolatorem,
824 523 969 599 quoniam
1001 522 1061 581 hoc
1092 519 1155 595 ἐγὼ
1179 520 1215 584 δέ
1238 523 1350 582 affectu
1400 530 1404 535 ’

253 626 521 684 vehementissimo
544 625 669 699 plenum
690 642 753 680 non
776 624 890 680 habere
919 624 1089 690 videbatur,
1122 642 1182 698 quo
1215 625 1351 682 referen-

253 729 327 786 dum
348 733 441 794 esset,
463 727 544 783 hanc
566 725 679 782 bonam
702 724 817 781 fraudis
840 725 1037 783 occasionem
1052 725 1183 782 libenter
1204 726 1260 782 sibi
1275 726 1350 783 arri-

252 825 365 904 puisse.
407 827 494 884 Idem
528 826 591 883 fere
624 826 737 883 accidit
771 825 802 881 in
834 824 957 900 Hippoi.
992 845 1017 884 v.
1041 840 1113 898 500,
1144 844 1235 900 quem
1258 825 1296 887 N.
1320 834 1350 883 et

252 929 402 986 Hirzelius
424 925 467 1002 (p.
483 926 537 1002 37)
560 945 598 982 ex
620 926 767 1000 Euripide
789 926 980 1001 expulerunt.
1015 925 1121 984 Paullo
1145 927 1232 983 aliter
1252 944 1301 983 res
1316 944 1350 983 se

252 1029 347 1087 habet
368 1029 399 1084 in
421 1026 534 1085 Bacch.
563 1045 588 1085 v.
608 1039 677 1098 215,
711 1043 802 1100 quern
829 1026 955 1083 Baierus
989 1043 1045 1083 suo
1079 1027 1142 1082 iure
1177 1027 1349 1084 damnavit:

252 1131 301 1188 ille
318 1131 399 1187 enim
433 1129 569 1186 falsarius
602 1129 695 1184 etiam
728 1135 909 1202 sequentem
938 1145 1059 1184 versum
1085 1128 1203 1184 intruso
1225 1125 1261 1187 δέ
1285 1145 1351 1185 cor-

252 1233 333 1307 rupit
345 1225 378 1309 ¹).

355 1331 417 1389 Sed
440 1349 522 1388 nunc
545 1331 712 1388 dicendum
735 1338 782 1386 est
803 1330 843 1386 de
865 1329 955 1387 Herc.
972 1349 999 1390 v.
1016 1343 1088 1400 502,
1112 1331 1152 1387 de
1175 1348 1236 1405 quo
1252 1331 1350 1388 acrius

255 1451 347 1508 quam
381 1433 480 1489 verius
513 1431 657 1488 iudicavit
680 1429 746 1490 Wil.
790 1430 859 1504 Ego
893 1430 975 1485 enim
1006 1430 1084 1487 inter
1115 1449 1169 1488 eos
1198 1448 1275 1501 sum,
1299 1433 1350 1506 qui

253 1532 313 1591 hoc
328 1528 398 1609 γάρ,
421 1533 507 1607 quod
529 1532 612 1590 haud
633 1533 677 1589 ita
698 1533 900 1607 premendum
915 1533 963 1605 sit,
985 1533 1165 1607 intellegant
1186 1541 1218 1590 et
1241 1533 1349 1590 defen-

251 1634 343 1690 dant:
366 1651 438 1690 nam
459 1628 520 1708 γάρ
544 1633 710 1690 rectissime
724 1633 817 1690 refert
805 1640 853 1689 tur
874 1634 914 1689 ad
931 1628 1033 1707 μάτην
1049 1633 1107 1700 vel,
1128 1641 1163 1728 ut
1177 1633 1348 1690 accuratius

252 1734 368 1808 loquar,
404 1733 574 1808 explicatur
607 1729 709 1808 μάτην
741 1733 832 1794 πονῶ
867 1751 953 1791 versu
988 1741 1148 1808 sequente.
1199 1732 1349 1791 Concedo

251 1841 356 1890 tamen
378 1832 445 1890 Wil.
469 1851 494 1891 v.
512 1847 570 1905 502
598 1852 653 1890 suo
676 1834 745 1891 loco
767 1852 830 1891 000
853 1852 923 1892 0000
945 1834 1221 1909 pernecessarium:
1243 1833 1351 1891 nihilo·

250 1935 350 1990 minus
376 1935 562 2008 desperatae
574 1934 803 2007 Amphitruonis
825 1936 920 1992 menti
943 1936 1173 2010 quodammodo
1196 1935 1348 1993 convenit.

252 2034 364 2091 Denuo
388 2041 492 2091 autem
514 2033 675 2091 haeremus
698 2035 727 2091 in
749 2055 774 2096 v.
793 2034 968 2108 508-510.
1012 2034 1121 2110 Neque
1144 2035 1226 2092 enim
1248 2035 1349 2104 video,

254 2135 329 2209 quid
351 2134 501 2191 lucremur
524 2136 666 2209 speciosa
686 2135 834 2193 Wecklini
856 2137 1043 2204 coniectura,
1067 2136 1119 2210 qui
1136 2132 1287 2196 διέπτατο
1310 2153 1348 2192 ex

252 2253 278 2294 ν.
298 2249 357 2309 507
381 2234 412 2291 in
437 2253 463 2294 v.
479 2249 541 2308 500
569 2243 600 2292 et
622 2229 775 2309 ἀφείλετο
798 2253 815 2291 e
838 2256 864 2294 v.
881 2250 942 2310 509
964 2238 994 2293 in
1019 2255 1045 2295 v.
1063 2250 1121 2311 507
1151 2236 1348 2310 transposuit.

254 2336 387 2392 Primum
411 2336 492 2393 enim
507 2336 664 2409 inelegans
680 2336 788 2393 horum
806 2354 948 2394 versuum
964 2345 1124 2406 structura,
1147 2354 1229 2412 quae
1240 2335 1350 2394 Weck-

251 2436 303 2493 lini
326 2437 504 2494 coniectura
526 2453 587 2493 non
612 2445 794 2507 removetur,
823 2439 969 2495 lectorem
992 2440 1081 2495 valde
1103 2438 1240 2497 offendit.
1265 2437 1348 2509 Qua-

250 2537 388 2593 mobrem
402 2537 629 2593 Herwerdenus
643 2534 774 2608 (Adnot.
797 2538 861 2597 crit.
881 2548 912 2595 et
933 2547 1054 2614 exeget.
1070 2539 1101 2594 in
1113 2538 1184 2596 Eur.
1207 2537 1278 2614 Hp.
1296 2531 1345 2617 ro)

251 2646 357 2696 censet
378 2645 449 2712 post
470 2655 496 2696 v.
514 2651 574 2709 509
597 2654 690 2693 unum
713 2655 833 2695 versum
855 2656 924 2696 esse
946 2640 1150 2714 supplendum
1172 2646 1204 2694 et
1226 2639 1266 2695 de
1288 2637 1348 2695 hac

251 2739 315 2796 fere
337 2739 425 2795 huius
449 2737 507 2793 loci
529 2737 625 2794 forma
649 2738 779 2811 cogitat:

313 2831 478 2913 Ὁρᾶτε’
450 2855 470 2912 μ
503 2832 644 2911 ὅσπερ
627 2855 646 2910 η
669 2834 882 2913 περίβλεπτος
905 2839 1032 2914 βροτοῖς

314 2934 481 3012 ὀνομαστὰ
503 2933 672 3013 πράσσων,
696 2933 741 3012 ὡς
765 2936 833 3014 (pro
855 2935 906 2999 καί
928 2934 973 3014 μ)
996 2933 1140 3015 ἀφείλεθ’
1162 2934 1182 3013 ἡ
1204 2935 1283 3014 τύχη

314 3034 454 3116 (ὅσαπερ
477 3033 590 3113 ἔτερπε
612 3034 727 3113 πάντα
750 3039 880 3114 φροῦδα
903 3032 930 3099 δ’
955 3034 1072 3116 ὤχετο)

313 3135 425 3214 ὥσπερ
447 3136 566 3214 πτερὸν
585 3136 668 3213 πρὸς
690 3135 790 3214 αἰθέρ’
812 3136 915 3218 ἡμέρᾳ
938 3141 1000 3219 μιᾷ.

250 3241 360 3316 Neque
383 3249 486 3298 autern
512 3248 587 3314 puto
610 3241 662 3297 tali
682 3241 835 3298 medicina
856 3249 993 3297 nostrum
1009 3242 1109 3313 locum
1130 3241 1230 3299 sanari
1245 3257 1348 3316 posse.

250 3341 330 3399 Nam
352 3348 474 3417 praeter
498 3348 680 3398 structuram
703 3342 796 3398 totius
819 3342 968 3398 enuntiati
990 3341 1132 3416 displicet
1160 3342 1252 3399 etlam
1274 3357 1348 3398 usus

251 3442 393 3501 adiectivi
415 3436 627 3516 περίβλεπτος
639 3437 674 3516 ²),
699 3443 784 3516 quod
807 3449 860 3498 aut
883 3441 1023 3498 absolute
1046 3442 1112 3521 sine
1134 3443 1348 3500 additamento

354 3732 379 3798 1)
399 3733 480 3782 Adde
499 3733 541 3781 his
562 3732 699 3798 exemplis,
719 3734 765 3782 ubi
786 3735 894 3783 exordia
912 3734 1135 3784 declamationum
1154 3734 1187 3782 ab
1207 3733 1349 3800 interpola·

250 3824 352 3873 toribus
373 3823 511 3873 obscurata
540 3829 609 3879 sunt,
631 3821 683 3869 duo
707 3821 767 3880 alia,
796 3822 881 3872 Andr.
900 3839 925 3871 v.
946 3821 1095 3885 384—386,
1115 3837 1182 3887 quos
1201 3837 1255 3870 non
1273 3821 1349 3870 Euri·

250 3911 346 3976 pideos
376 3924 434 3958 esse
464 3915 533 3957 recte
559 3908 624 3956 vidit
649 3907 786 3957 lezelius
804 3908 822 3960 l.
841 3908 860 3958 l.
880 3926 905 3974 p.
919 3909 1033 3973 62-63,
1055 3916 1081 3957 et
1099 3909 1158 3975 Iph.
1177 3909 1213 3959 A.
1233 3925 1258 3960 ν.
1281 3919 1347 3974 1255

251 4000 366 4065 -1256‚
385 4013 453 4064 quos
473 4012 523 4058 ego
542 4013 591 4061 pro
615 3997 711 4061 spuriis
731 3997 812 4046 duco:
841 3997 897 4061 ἐγὼ
920 3997 956 4050 τά
982 3997 1007 4050 τ’
1033 3996 1131 4064 οἰκτρὰ
1155 3996 1272 4060 συνετός
1293 3992 1347 4060 εἰμι

250 4088 295 4139 καὶ
323 4086 359 4138 τὰ
392 4084 444 4151 μή,
472 4086 563 4150 φιλῶν
592 4083 716 4148 ἐμαυτοῦ
748 4084 844 4137 τέκνα·
873 4084 1022 4151 μαινοίμην
1049 4085 1102 4152 γὰρ
1130 4086 1173 4138 ἄν.
1214 4087 1284 4135 Nam
1319 4084 1347 4134 in

248 4193 272 4226 v.
296 4188 363 4241 1257
386 4175 422 4223 ita
443 4174 611 4223 scribendum
630 4173 691 4224 erit:
718 4173 815 4236 δεινῶς
837 4173 893 4239 ἔχει
912 4175 962 4239 μὲν
980 4179 1073 4227 ταῦτα
1091 4176 1237 4239 τολμῆσαι,
1256 4173 1347 4237 γύναι.

350 4266 376 4328 2)
394 4264 426 4316 ci.
446 4262 622 4326 ἀπόβλεπτος
642 4263 708 4314 Hec.
727 4279 751 4313 v.
772 4274 832 4328 355.
976 4271 977 4274 ’
