2992 4920
729 343 763 397 33

198 528 261 568 non
290 528 360 569 esse
391 528 516 569 saevum
543 519 574 569 et
608 529 753 570 scaevum
782 513 865 569 illum
888 521 1049 586 tyrannum
1072 530 1098 572 v.
1122 527 1181 587 299
1204 512 1294 588 depi-

200 620 292 681 ctum,
319 613 411 670 immo
435 613 586 670 numerari
609 613 639 669 in
662 613 850 688 sapientibus
879 612 1007 671 inimicis
1039 607 1078 692 (v.
1100 609 1294 689 300-301).

201 712 328 787 Megara
350 713 431 770 enim
452 713 543 771 mittit
566 713 669 787 fugam
690 713 852 770 liberorum
867 714 1026 788 deprecari
1041 733 1060 771 a
1075 721 1213 788 tyrannm
1233 733 1297 771 non

200 814 271 887 quia
294 815 334 870 de
354 815 467 871 atrocis
492 823 523 871 et
545 814 628 871 saevi
644 813 774 871 hominis
789 814 997 871 misericordia
1021 815 1239 888 desperaverit,
1262 823 1295 871 ut

200 933 240 971 ex
261 914 311 971 illo
342 910 457 989 ἥκιστα
491 910 580 990 (299)
604 916 803 984 concluditur,
837 917 893 973 sed
922 915 994 991 quia
1015 923 1164 990 putatne
1188 915 1307 978 exsilio

201 1016 327 1090 quidem
355 1017 466 1074 liberos
496 1018 626 1074 salutem
653 1018 788 1073 invenire
816 1034 919 1092 posse.
974 1016 1037 1074 Sed
1064 1016 1090 1074 si
1119 1016 1185 1090 quis
1208 1024 1296 1090 putet

200 1135 226 1173 v.
245 1117 405 1191 298-3οι
426 1118 535 1176 deletis
555 1127 678 1176 nostros
700 1135 806 1176 versus
829 1118 951 1175 tolerari
972 1135 1076 1193 posse,
1098 1117 1123 1174 is
1146 1117 1204 1174 sibi
1227 1117 1295 1192 ipse

200 1226 330 1292 repetat,
364 1237 444 1293 quae
477 1237 568 1294 supra
602 1221 642 1277 de
674 1219 837 1287 sententia,
873 1237 953 1293 quae
983 1219 1130 1294 Megarae
1164 1219 1297 1276 orationi

200 1318 301 1377 inesse
324 1320 529 1378 existimanda
552 1329 608 1391 est,
631 1321 861 1396 disputavimus.
894 1321 964 1396 lpse
987 1338 1105 1396 quaeso
1129 1329 1295 1396 componat

201 1420 283 1479 hunc
305 1422 406 1481 locum
433 1417 494 1497 ἤδη
518 1423 546 1482 δ’
562 1419 689 1496 ,ἐσῆλθέ
713 1423 743 1498 μ’
766 1423 831 1482 κτλ.
867 1440 936 1480 cum
969 1441 994 1482 v.
1020 1436 1141 1497 70-72
1171 1431 1296 1480 etcum

150 1596 152 1599 ι
199 1539 226 1580 v.
250 1519 384 1595 82-85,
418 1523 470 1581 ubi
492 1522 618 1598 Megara
640 1525 719 1580 duas
739 1532 857 1580 tantum
880 1522 985 1580 salutis
1010 1523 1083 1591 vias,
1121 1524 1162 1580 de
1185 1523 1295 1597 quibus

199 1621 267 1696 ipsa
290 1624 488 1697 cogitaverat,
523 1632 752 1694 commemorat,
787 1624 891 1699 fugam
923 1624 1146 1681 clandestinam
1168 1615 1200 1681 et
1222 1624 1296 1681 ami·

200 1740 306 1780 corum
321 1725 540 1783 Thebanorum
562 1727 714 1785 auxilium.
737 1727 801 1783 Sed
823 1726 957 1801 singulas
980 1734 1144 1783 tractemus
1168 1725 1296 1782 difficul-

201 1833 296 1894 tates,
331 1827 441 1901 quibus
474 1845 499 1885 v.
524 1826 691 1900 302-306
726 1827 876 1885 laborant.
931 1826 980 1883 De
1013 1845 1040 1884 v.
1070 1842 1129 1899 3ο2
1166 1826 1296 1883 adnotat

200 1925 362 2001 Madvigus
387 1923 480 2001 (Adv.
504 1926 581 1988 Cel
603 1946 632 2002 p.
648 1923 737 2000 mol:
760 1922 934 1984 ‘soloecum
957 1945 1026 1984 esse
1048 1927 1218 2002 optativum
1241 1945 1296 1984 nu·

200 2028 273 2084 dum
296 2029 327 2084 in
341 2029 571 2104 interrogando,
594 2029 668 2102 quid
685 2027 748 2084 fieri
761 2028 890 2085 fortasse
908 2029 1016 2103 possit,
1039 2029 1296 2103 scribendumque

198 2125 462 2204 παραιτησαίμεθ’
487 2123 553 2189 ἄν’.
600 2129 728 2186 Gravior
757 2137 861 2186 autem
883 2130 973 2185 nobis
996 2129 1132 2186 oboritur
1154 2131 1294 2205 quaestio

198 2228 229 2284 in
252 2247 278 2288 v.
302 2245 372 2303 304,
396 2230 448 2287 ubi
471 2249 563 2305 aegre
586 2232 780 2287 desideratur
802 2229 935 2297 dativus,
968 2230 1019 2304 qui
1050 2230 1091 2285 ad
1112 2228 1295 2304 περιβαλεῖν

200 2328 324 2386 verbum
346 2331 507 2405 pertineat.
564 2329 759 2405 Quamquam
789 2349 827 2387 ne
854 2330 934 2386 hanc
961 2331 1086 2405 quidem
1117 2347 1181 2386 rem
1207 2331 1294 2386 nimis

200 2446 306 2515 urgere
329 2433 407 2498 νοίο,
443 2450 481 2488 ne
511 2432 578 2506 quis
605 2432 677 2488 mihi
710 2433 823 2489 obiciat
845 2431 960 2490 Phoen.
985 2450 1011 2489 v.
1036 2430 1093 2503 189
1116 2438 1148 2486 et
1169 2430 1234 2506 Iph.
1258 2433 1294 2490 A.

199 2548 226 2589 V.
250 2545 311 2604 934
322 2524 347 2609 ¹)
370 2532 484 2589 aliosve
507 2534 601 2601 locos,
635 2533 687 2607 qui
716 2532 844 2590 similem
872 2532 1034 2588 locutionis
1058 2531 1199 2587 duritiam
1221 2548 1295 2606 prae

199 2647 233 2686 sc
252 2630 329 2687 ferre
351 2633 500 2690 videntur.
525 2632 690 2690 Praeterea
706 2633 847 2706 dignitati
869 2640 983 2706 poetae
1006 2631 1112 2705 tragici
1133 2649 1197 2688 non
1221 2631 1294 2687 satis

198 2739 302 2804 aptum
334 2740 383 2789 est
410 2733 483 2789 illud
510 2733 693 2809 περιβαλεῖν
714 2730 886 2808 σωτηρίαν.
937 2731 1016 2788 Nam
1036 2726 1239 2807 περιβάλλειν
1262 2739 1293 2787 et

198 2825 420 2907 ἀμφιβάλλειν,
443 2834 468 2890 si
491 2835 607 2909 tropice
631 2835 774 2891 dicuntur
796 2834 834 2890 ab
858 2833 1014 2906 Euripide,
1042 2832 1235 2900 adhibentur,
1260 2840 1293 2888 ut

198 2933 358 2990 verborum
380 2942 489 2991 natura
512 2934 707 3004 secumfsert,
746 2936 786 2991 de
817 2936 908 2991 rebus
944 2933 1031 2991 malls
1067 2933 1205 3008 exceptis
1234 2932 1295 2989 hoc

199 3033 341 3092 Herculis
372 3052 460 3092 versu
490 3044 521 3092 et
554 3036 618 3094 lon.
652 3055 677 3094 v.
708 3035 779 3109 829,
812 3037 863 3092 ubi
895 3030 1070 3109 τυραννίδα
1101 3033 1293 3110 περιβαλεῖν,

199 3135 343 3208 quoniam
366 3137 465 3210 agitur
490 3138 531 3193 de
554 3138 746 3194 clandestina
773 3145 805 3194 et
832 3137 945 3193 iniusta
967 3135 1136 3212 tyrannidis
1159 3135 1295 3192 vindica·

198 3235 292 3304 tione,
321 3236 417 3292 multo
448 3237 618 3310 elegantius
642 3255 675 3294 se
698 3238 792 3294 habet
813 3245 917 3294 nostra
945 3235 1097 3293 dictione:
1130 3231 1294 3310 σωτηρίαν

197 3334 389 3409 περιβαλεῖν.
444 3336 544 3395 Etiam
577 3356 603 3395 v.
627 3353 686 3411 305
711 3346 742 3395 et
764 3336 824 3410 3οὸ
860 3345 965 3412 aperte
993 3335 1217 3408 interpolatoris
1243 3352 1294 3390 ve-

198 3434 287 3509 stigia
310 3437 459 3511 impressa
478 3447 558 3498 sunt.
616 3439 800 3496 Rectissime
824 3439 904 3495 enim
925 3436 1114 3495 Matthiaeus
1139 3435 1214 3492 vidit
1236 3435 1294 3491 uti·

198 3553 259 3611 que
292 3537 428 3612 ineptam
459 3549 490 3597 et
523 3541 669 3615 puerilem
702 3541 931 3616 gnomologiam
958 3538 1117 3596 continere
1150 3535 1294 3593 traditam

197 3636 305 3695 horum
334 3657 473 3697 versuum
502 3641 630 3699 formam
663 3650 694 3698 et
726 3660 782 3699 suo
814 3643 878 3697 iure
912 3637 1093 3714 vituperavit
1115 3639 1294 3712 Hartungus

197 3737 360 3807 Klotzium,
392 3741 477 3814 quod
511 3749 627 3798 tantam
656 3742 878 3798 absurditatem
902 3739 989 3815 quasi
1011 3737 1210 3812 Euripideam
1231 3755 1292 3795 scr-

197 3839 299 3900 vabat.
333 3838 534 3898 Nihilominus
557 3842 696 3916 improbo
718 3841 879 3899 Matthiaei
902 3840 1110 3897 coniecturam
1133 3837 1293 3895 scribentis

196 3933 304 4012 φίλοις
325 3955 381 4013 pro
403 3935 492 4014 φίλοι
514 3949 545 3997 et
577 3948 671 3997 teneo
705 3943 887 4015 asyndeton,
922 3940 1007 4014 quod
1030 3937 1168 3996 falsarios
1191 3955 1293 3995 amare

299 4163 324 4231 1)
343 4167 393 4215 Est
413 4173 510 4224 tamen,
531 4173 560 4215 ut
578 4165 650 4214 haud
668 4166 772 4228 ignoro,
791 4163 892 4229 aliquid
905 4164 1063 4214 discriminis
1075 4164 1144 4213 inter
1156 4162 1206 4212 hos
1219 4163 1294 4213 locos

198 4259 224 4302 et
242 4255 322 4304 Herc.
341 4271 366 4306 v.
386 4267 446 4320 304.

1076 4377 1091 4428 3
