2992 4920
739 315 843 416 30ἡ

248 548 275 589 v.
297 529 357 604 316
400 524 490 589 οὔτοι
512 526 550 589 τὸ
572 525 679 590 δειλὸν
702 525 778 589 οὐδὲ
800 529 859 589 τοῦ
884 527 953 606 βίον
976 526 1079 604 πόθος
1142 529 1145 533 ’
1174 529 1177 534 ’

398 629 506 692 θανεῖν
529 626 634 705 ἐρύκει
655 629 696 704 μ’,
720 625 802 690 ἀλλὰ
823 627 912 691 παιδὶ
935 629 1090 708 βούλομαι

388 730 505 790 »σῶσαι
527 727 610 791 τέκν’
619 726 654 808 ¹).

504 1009 565 1080 De
592 1009 705 1080 Herc.
733 1034 768 1080 v.
798 1015 1004 1100 298-301.

307 1207 360 1264 Eis
384 1207 530 1273 versibus,
553 1222 632 1279 quos
654 1223 736 1262 nunc
758 1207 916 1262 tractaturi
939 1223 1052 1280 sumus
1075 1207 1155 1262 bene
1178 1205 1303 1280 praefigi

210 1315 314 1383 potest
335 1307 460 1381 egregia
475 1305 540 1366 Wil.
556 1306 721 1372 sententia,
744 1306 795 1380 qui
811 1308 869 1365 An.
884 1326 914 1382 p.
932 1306 991 1364 206
1006 1324 1061 1381 sq.,
1085 1307 1136 1363 ubi
1159 1307 1303 1365 familiam

207 1409 363 1482 quandam
389 1407 658 1481 interpolationum
675 1408 857 1481 composuit,
879 1407 1101 1465 demonstravit
1123 1425 1195 1472 non,
1207 1407 1302 1465 modo

208 1508 396 1582 sapientibus
425 1508 482 1564 sed
515 1508 607 1564 etlam
634 1507 855 1582 desipientibus
888 1510 982 1565 multa
1017 1525 1086 1564 esse
1119 1509 1302 1565 communia.

207 1589 294 1678 Iriem
317 1608 397 1665 enim
420 1603 547 1682 εσκαιὸς
570 1602 683 1682 ἀνήρ’,
707 1607 759 1682 qui
781 1609 812 1665 in
836 1609 1008 1666 Heraclidis
1030 1606 1068 1684 (v.
1084 1605 1160 1686 455)
1184 1610 1303 1668 clausu·

208 1709 267 1767 lam
281 1709 366 1766 Iolao
383 1709 471 1782 unice
483 1710 609 1784 dignam
628 1703 685 1768 ἴτω
703 1726 759 1766 suo
776 1710 990 1766 additamento
1007 1710 1182 1767 obscuravit
1198 1727 1303 1785 quem·

208 1826 268 1885 que
298 1810 454 1868 Vsenerus
485 1807 576 1887 (Mus.
608 1805 667 1870 Rh.
689 1811 790 1867 XXIII
820 1830 850 1886 p.
870 1808 1046 1888 156-157)
1080 1829 1137 1868 suo
1165 1812 1229 1868 iure
1264 1829 1302 1867 ex

206 1911 353 1985 Euripide
377 1911 500 1988 expulit,
526 1912 558 1968 in
579 1911 671 1971 Herc.
697 1931 722 1970 v.
748 1910 807 1986 298
824 1929 869 1987 sq.
899 1913 1020 1969 videtur
1045 1921 1201 1986 grassatus
1224 1929 1302 1972 esse.

206 2011 256 2071 An
279 2011 346 2085 quis
379 2012 505 2085 negabit
525 2012 617 2071 Herc.
641 2031 666 2071 v.
691 2028 761 2086 301,
792 2014 928 2087 quamvis
956 2014 1074 2072 incerta
1102 2015 1140 2070 sit
1169 2014 1303 2088 genuina

206 2110 295 2170 huius
319 2130 423 2169 versus
439 2113 539 2182 lectio
562 2130 704 2187 magnam
723 2113 837 2171 habere
853 2115 1077 2171 similitudinem
1094 2133 1163 2192 cum
1177 2114 1301 2174 Heracl.

205 2230 237 2271 ν,
255 2209 340 2285 46οΡ
384 2213 448 2270 Sed
474 2214 603 2288 prImum
630 2215 720 2271 nobis
747 2216 957 2288 quaerendum
985 2223 1042 2284 est,
1074 2233 1147 2272 uum
1176 2217 1300 2272 omnino

308 2409 334 2479 1)
353 2410 440 2460 Simili
457 2411 537 2460 modo
556 2409 622 2460 haec
642 2410 721 2459 verba
741 2410 958 2473 Agamemnonis,
978 2427 1046 2476 quae
1066 2418 1168 2460 exstant
1185 2413 1213 2461 in
1232 2415 1299 2463 Hec.

206 2516 230 2550 v.
251 2499 403 2564 854-856:
714 2557 716 2561 ¹

405 2584 430 2639 εἴ
448 2602 509 2649 πως
526 2584 628 2652 φανείη
649 2587 675 2650 γ’
692 2586 766 2639 ὥστε
786 2585 831 2639 σοί
849 2587 873 2638 τ’
894 2586 966 2651 ἔχειν
985 2589 1085 2651 καλῶς,

405 2678 518 2742 στρατῷ
536 2690 568 2727 τε
587 2675 623 2740 μὴ
644 2675 750 2740 δόξαιμι
769 2673 930 2741 Κασάνδρας
948 2674 1028 2741 χάριν

370 2779 373 2784 ·
408 2761 520 2829 Θρῄκης
538 2763 636 2815 ἄνακτι
655 2763 738 2816 τόνδε
758 2765 906 2828 βουλεῦσαι
924 2763 1025 2827 φόνον,

204 2865 326 2917 quaeque
349 2851 413 2900 satis
441 2851 605 2917 explicantur
632 2870 656 2904 v.
686 2865 735 2902 120
754 2868 793 2917 sq.
819 2860 844 2901 et
867 2869 892 2904 v.
915 2865 963 2916 127
982 2869 1030 2917 sq.,
1057 2852 1175 2917 insipido
1200 2853 1302 2902 cuidam

205 2939 377 2989 homuncioni
398 2939 495 3003 longae
513 2941 727 3007 interpolationis
740 2947 920 3004 argumentum
935 2941 1072 2991 dederunt.
1103 2943 1219 3007 Tempus
1233 2944 1303 2992 enim

206 3034 255 3088 est,
275 3035 303 3076 ut
322 3043 504 3078 removeamus
524 3045 554 3078 ex
574 3031 703 3079 Hecubae
722 3030 803 3093 longa
822 3030 941 3079 oratione
959 3028 1131 3095 (786-845)‚
1161 3045 1229 3095 quae
1248 3029 1303 3079 illis

204 3117 414 3178 Agamemnonis
441 3117 531 3165 verbIs
560 3119 734 3182 praemittitur
760 3113 880 3184 quaeque
905 3118 1085 3183 compluribus
1111 3117 1178 3167 locis
1204 3119 1237 3166 ab
1256 3119 1304 3167 im-

204 3204 360 3269 postoribus
379 3210 455 3252 aucta
476 3211 524 3264 est,
543 3223 567 3255 v.
587 3206 737 3269 824-832,
768 3207 813 3271 qui
833 3205 918 3255 adhuc
938 3207 1035 3255 bonam
1053 3205 1189 3271 Euripidis
1209 3206 1303 3255 samam

205 3291 273 3341 male
303 3293 518 3369 obscuravemnt‚
544 3294 576 3344 cf.
600 3295 687 3343 Weili
710 3295 743 3344 ad
762 3311 787 3344 ν.
807 3295 859 3356 824
884 3300 972 3343 notam
997 3300 1023 3342 et
1047 3293 1198 3356 Schlegeli,
1223 3281 1302 3358 perti·

206 3380 279 3431 nacis
298 3387 394 3446 poetae
413 3381 496 3430 nostri
511 3382 704 3441 obtrectatoris,
722 3384 879 3433 sententiam
893 3383 920 3430 in
934 3382 1018 3432 libro:
1038 3381 1225 3444 Vorlesungen
1238 3383 1304 3430 iiber

206 3468 287 3525 dram.
312 3470 405 3518 Kunst
430 3470 485 3519 und
507 3470 600 3520 Litter.
626 3470 713 3522 voI.I
737 3487 761 3535 p.
776 3483 836 3534 213.
874 3470 926 3520 Sed
942 3487 978 3520 ·v.
1001 3470 1049 3532 831
1072 3476 1098 3518 et
1117 3470 1178 3532 832,
1202 3471 1250 3538 qui
1266 3471 1303 3519 ui·

206 3544 287 3605 mlarn¹
311 3556 445 3606 lasciviam
469 3573 532 3623 prae
557 3573 585 3607 se
605 3558 691 3607 ferunt
710 3564 736 3607 et
754 3558 968 3607 molestissimam
987 3558 1096 3607 formam
1115 3558 1221 3616 habent,
1251 3558 1301 3606 iam

206 3646 366 3694 Matthiaeus
386 3662 465 3695 ausus
488 3652 528 3695 est
547 3646 647 3699 delere.
688 3648 805 3714 Kvicala
825 3655 911 3697 autem
930 3646 1017 3714 (stud.
1037 3662 1069 3694 zu
1087 3647 1150 3696 Eur.
1170 3646 1198 3693 II
1216 3662 1242 3710 p.
1257 3646 1300 3708 79)

208 3748 256 3782 suo
276 3734 331 3781 iure
351 3733 428 3782 eiecit
447 3749 478 3782 ex
497 3735 627 3800 Euripide
645 3736 739 3784 mirum
758 3749 861 3784 versum
881 3735 944 3798 827:
965 3735 982 3798 ἡ
1002 3733 1111 3798 φοιβάς,
1130 3732 1166 3796 ἢν
1184 3733 1300 3784 καλοῦσι

206 3818 371 3886 Κασάνδραν
392 3820 508 3887 Φρύγες.
545 3821 622 3872 Nihil
647 3839 710 3872 vero
734 3824 761 3871 in
784 3823 834 3872 hac
852 3830 908 3872 tota
935 3823 968 3871 de
988 3821 1103 3886 Cypride
1122 3820 1301 3884 disputatione

205 3910 343 3961 laudabile
363 3918 410 3974 est,
438 3911 489 3960 nisi
515 3912 630 3960 auctoris
657 3912 796 3970 modestia,
827 3911 872 3976 qui
896 3911 981 3977 primo
1005 3925 1083 3961 versu
1102 3909 1241 3957 vanitatem
1261 3909 1302 3956 sui

204 3998 306 4049 inventi
324 3998 414 4065 lepide
434 3999 585 4049 confitetur:

422 4088 540 4153 καὶμὴν
558 4087 627 4150 ἴσως
646 4089 696 4152 μὲν
715 4092 767 4140 τοῦ
786 4087 872 4151 λόγου
892 4085 975 4139 κενὸν
993 4085 1068 4138 τόδε.

205 4176 317 4227 Minime
336 4178 406 4226 enim
427 4193 494 4242 opus
514 4184 555 4225 est
573 4192 631 4225 cum
651 4177 685 4226 N.
708 4176 866 4240 (EurStud.
878 4177 892 4223 I
904 4191 928 4240 p.
946 4173 987 4240 18)
1011 4189 1060 4239 pro
1079 4171 1161 4225 κενὸν
1181 4173 1297 4222 scribere

205 4265 293 4321 ξένον.
